2376 3334
144 300 243 325 Datum
265 296 289 326 A
298 293 448 326 centone.

187 401 219 426 tt
237 403 266 429 (ιι
287 399 337 430 id.)
352 398 409 432 jul.

259 663 289 689 L'i
313 672 334 689 s.

262 874 290 900 L't
314 882 336 899 s.

261 980 292 1006 Ul
316 988 337 1005 s.

261 1085 291 1111 Ut
315 1093 337 1110 s.

259 1190 295 1217 Ut
315 1197 336 1215 s.

261 1296 293 1322 Ut
317 1304 339 1321 s.

260 1452 293 1478 L't
316 1460 337 1477 s.

262 1611 296 1637 Ut
318 1619 339 1636 s.

266 1823 300 1849 Ut
318 1830 340 1848 s.

264 2034 298 2060 Ut
319 2042 341 2059 s.

267 2244 302 2270 Ut
319 2252 341 2270 s.

266 2508 299 2534 Ut
322 2516 344 2534 s.

272 2718 306 2744 Ut
325 2727 346 2744 s.

532 206 687 236 IJENED.
713 205 776 235 XII
800 222 836 226 —
861 204 1066 234 LITTERAE
1090 204 1146 234 DE
1169 204 1317 234 CURIA.
1337 221 1374 225 -—
1392 205 1501 235 ANNI
1524 206 1567 235 IV
1591 206 1714 244 (1338)
2070 212 2125 241 115

583 391 692 422 6384.
711 411 748 414 -
768 393 867 426 Golia,
880 392 1065 431 patriai—clm
1085 392 1429 431 Consistitliizttpolilstn.,
1448 398 1474 422 et
1491 393 1624 429 Haterio,
1641 403 1706 433 epo
1730 395 1901 431 Vasionen.,
1922 398 2030 436 sipost.
2052 398 2122 427 Sed.

541 447 656 475 tenaliis
680 447 710 475 in
738 455 829 485 reyno
849 444 963 474 Siciliae
980 445 1056 473 citra
1076 445 1223 478 Plectrum,
1247 445 1437 475 conceditur
1462 447 1496 475 ut
1521 447 1652 484 quoties
1671 447 1839 478 celebrare
1866 449 1917 478 vel
1942 458 2125 487 proponere

541 499 677 529 verbum
702 499 762 528 Dei
786 498 973 536 contigerit,
1003 498 1155 535 ipsorum
1174 497 1383 536 negotiorum
1402 498 1635 535 prosecutione
1655 499 1805 536 durante,
1829 501 1960 538 possint
1987 502 2125 531 auctori-

539 553 606 581 tate
628 553 735 590 apost.
756 559 859 580 unuin
877 559 928 580 an.
950 552 981 580 et
998 559 1037 579 xc
1057 550 1129 579 dies
1147 551 1219 588 (pro
1243 550 1445 588 patriam-1121)
1467 551 1517 580 vel
1535 560 1549 579 c
1571 551 1643 581 dies
1661 553 1732 589 (pro
1752 552 1841 590 epo)
1860 553 1898 582 de
1920 553 2127 592 indulgentia

540 604 687 642 elargiri.
708 603 761 642 (V.
782 605 849 638 126,
869 612 898 632 n.
919 604 953 633 15
970 602 1004 631 de
1018 604 1096 639 cur.)

584 654 692 684 6385.
720 675 755 678 -
776 655 863 685 Eisd.
885 655 1009 690 miultis,
1026 655 1158 684 conced.
1185 654 1326 684 facultas
1345 656 1521 685 exercendi
1542 665 1716 686 censuram
1745 657 1931 688 ecclesiast.
1953 658 1986 687 in
2005 659 2126 688 archie-

541 718 626 747 pos,
646 718 750 747 epos,
769 710 800 738 et
818 708 902 738 alias
920 716 1082 746 personas
1110 707 1294 736 ecclesiast.
1316 707 1367 737 vel
1385 717 1459 737 szcc.
1482 708 1538 746 qui
1566 710 1596 738 et
1618 718 1689 746 quse
1711 709 1799 739 circa
1822 710 1914 748 ipsos
1940 710 1991 740 vel
2012 719 2127 740 eorum

540 763 683 792 alterum
702 761 754 791 vel
771 761 921 799 ipsorum
947 760 1131 790 familiares
1149 759 1304 798 injuriosi
1329 761 1503 790 extiterint
1523 770 1734 800 quocumque
1754 762 1862 792 inodo.
1884 762 1933 799 (V.
1955 764 2021 799 126,
2042 772 2072 793 n.
2092 765 2128 793 16

540 815 575 844 de
592 815 669 852 cur.)

585 864 694 894 6386.
715 885 749 889 -
771 865 904 901 Eisdem,
922 867 958 895 ut
977 866 1010 894 in
1029 865 1112 895 locis
1134 865 1312 894 interdicto
1332 865 1519 903 suppositis
1544 867 1675 904 possint
1701 867 1841 896 missam
1866 869 1897 897 et
1928 867 1994 897 alia
2016 868 2129 897 divina

541 920 651 950 officia
668 919 849 950 celebrare.
871 918 920 956 (V.
943 920 1009 954 126,
1030 927 1059 947 n.
1084 919 1119 948 19
1138 917 1172 946 de
1189 917 1268 956 cur.)

586 970 694 1000 (3387.
713 990 748 994 —
767 971 903 1007 Eisdem,
919 972 955 1001 ut
969 971 1110 1000 missam
1127 971 1306 1008 antequam
1325 971 1499 1001 illucescat
1515 971 1586 1000 dies
1603 971 1771 1002 celebrare
1792 973 1934 1010 possint,
1953 973 2005 1002 vel
2023 973 2129 1002 facere

541 1025 716 1055 celebrari.
733 1024 787 1063 (V.
810 1026 877 1060 126,
896 1033 926 1053 n.
944 1025 982 1053 20
996 1023 1031 1052 de
1047 1023 1126 1061 cur.)

586 1075 695 1106 6388.
722 1095 759 1099 —
784 1076 921 1113 Eisdem,
946 1076 1088 1106 facultas
1111 1076 1381 1106 communicandi
1409 1078 1440 1106 et
1469 1077 1693 1115 participandi
1718 1086 1793 1106 cum
1816 1077 1972 1115 personis
2001 1086 2128 1107 excom.

543 1131 709 1161 sententia
726 1130 905 1160 innodatis.
925 1129 974 1168 (V.
995 1131 1062 1165 126,
1084 1138 1114 1158 n.
1134 1131 1172 1158 22
1186 1128 1220 1158 de
1235 1130 1315 1167 cur.)

587 1181 696 1211 6389.
727 1199 765 1204 —
788 1182 926 1218 Eisdem,
948 1182 1089 1212 facultas
1106 1181 1303 1212 absolvendi
1320 1182 1628 1212 excommunicatos
1647 1182 1726 1212 dicti
1743 1185 1833 1222 regni
1858 1183 1898 1213 ob
1920 1183 2131 1222 injectionem

544 1245 703 1267 manuum
722 1236 756 1265 in
775 1235 915 1266 clericos
932 1235 1125 1265 violentam.
1146 1234 1196 1272 (V.
1215 1235 1282 1269 126,
1301 1243 1332 1265 n.
1348 1236 1386 1264 24
1400 1234 1435 1264 de
1453 1234 1533 1273 cur.)

587 1287 696 1317 6390.
716 1306 753 1310 —
771 1288 909 1323 Eisdem,
940 1288 1081 1317 facultas
1105 1287 1299 1326 injungendi
1326 1288 1474 1326 praelatis
1496 1289 1528 1318 et
1551 1288 1706 1326 personis
1730 1288 1851 1324 Praed„
1873 1288 1967 1324 Mini,
1997 1288 2079 1318 Cist.
2102 1290 2134 1318 et

543 1342 686 1372 aliorum
704 1341 773 1372 ord.
795 1341 884 1371 infra
898 1349 1038 1379 regnum
1052 1340 1250 1378 praedictum
1276 1339 1468 1370 constitutis
1485 1340 1597 1370 omnia
1614 1350 1685 1379 quae
1704 1341 1931 1379 prosecutioni
1949 1342 1980 1371 et
1994 1341 2133 1370 utilitati

543 1394 754 1433 negotiorum
772 1394 820 1424 eis
838 1393 1097 1423 commissorum
1115 1393 1260 1422 viderint
1276 1393 1445 1431 expedire.
1467 1392 1518 1431 (V.
1542 1395 1609 1429 126,
1625 1402 1656 1422 n.
1676 1394 1713 1423 26
1730 1392 1764 1422 de
1779 1394 1856 1430 cur.)

588 1444 695 1475 6391.
717 1465 753 1468 —
770 1446 907 1482 Eisdem,
923 1446 1066 1475 facultas
1082 1445 1304 1484 compellendi
1322 1445 1519 1475 auctoritate
1537 1447 1643 1483 apost.
1660 1445 1816 1483 praelatos
1831 1447 1862 1475 et
1882 1454 2043 1484 personas
2062 1445 2131 1475 ord.

544 1508 833 1539 quorumcumque
850 1499 891 1529 ad
907 1498 1150 1537 providendum
1167 1498 1202 1528 in
1219 1498 1422 1528 necessariis
1439 1498 1567 1528 nuntiis
1585 1498 1747 1536 ipsorum,
1764 1507 1849 1536 quos
1859 1507 1918 1537 pro
1931 1498 2029 1528 dictis
2046 1506 2134 1528 com-

545 1553 661 1583 missis
678 1552 822 1591 negotiis
837 1551 996 1581 duxerint
1012 1551 1240 1581 destinandos.
1259 1550 1311 1589 (V.
1331 1552 1399 1585 126,
1418 1559 1448 1581 n.
1465 1552 1502 1580 28
1519 1550 1553 1579 de
1570 1551 1647 1587 cur.)

589 1602 698 1633 6392.
722 1624 758 1627 —
778 1603 916 1641 Eisdem,
941 1604 1135 1634 conceditur
1153 1604 1189 1632 ut
1208 1603 1339 1641 possint
1363 1603 1537 1633 absolvere
1564 1612 1680 1633 omnes
1702 1603 1833 1633 Siculos
1857 1603 1898 1633 ad
1922 1603 2133 1633 devotionem

544 1659 583 1689 R.
604 1659 641 1688 E.
658 1658 848 1693 redeuntes,
868 1657 908 1687 ab
924 1665 1053 1687 excom.
1072 1656 1250 1686 sententiis
1268 1665 1351 1694 quas
1372 1656 1519 1694 parendo
1539 1656 1730 1690 Frederico,
1752 1656 1832 1685 olim
1854 1656 1923 1695 regi
1941 1656 2133 1692 Trinacriae,

544 1713 576 1741 et
592 1711 623 1741 ei
639 1710 836 1741 adhaerendo
862 1711 977 1740 contra
998 1717 1179 1747 processus
1196 1709 1227 1739 et
1250 1709 1470 1738 inhibitiones
1489 1709 1605 1747 Apost.
1628 1708 1703 1739 Sed.
1724 1708 1962 1738 damnabiliter
1989 1709 2135 1738 incurre-

544 1765 632 1794 runt.
651 1763 701 1802 (V.
723 1765 790 1797 126,
811 1771 840 1792 n.
862 1764 898 1792 37
915 1762 950 1791 de
962 1763 1039 1799 cur.)

589 1813 698 1844 6393.
717 1835 754 1838 -
775 1815 875 1851 Gotio,
895 1814 1080 1854 patriarchae
1105 1813 1458 1853 Constantinopolitano,
1485 1813 1677 1844 conceditur
1696 1813 1837 1843 facultas
1864 1813 2067 1843 convocandi
2086 1822 2133 1843 ar*

545 1870 695 1908 chiep.os
714 1871 745 1899 et
761 1877 854 1906 epos
871 1867 1021 1906 aliasque
1039 1875 1201 1905 personas
1219 1866 1465 1896 ecclesiasticas
1482 1866 1604 1896 Sicilire
1621 1866 1660 1895 ad
1676 1866 1887 1904 praesentiam
1906 1874 2013 1901 suam,
2033 1866 2060 1895 si
2074 1874 2133 1904 pro

545 1921 783 1953 reformatione
801 1922 908 1951 status
928 1921 959 1950 et
975 1928 1196 1958 personarum
1214 1917 1399 1949 ecclesiast.
1419 1919 1471 1949 vel
1491 1927 1550 1957 pro
1567 1919 1733 1948 dictorum
1751 1918 1968 1948 exsecutione
1987 1919 2133 1957 negotio-

546 1983 620 2005 rum
636 1973 908 2004 convocationem
925 1973 997 2002 fieri
1015 1972 1208 2011 cognoverit
1227 1972 1395 2010 expedire.
1416 1971 1467 2009 (V.
1487 1973 1554 2007 126,
1574 1980 1604 2000 n.
1625 1973 1660 2000 17
1679 1971 1713 2000 de
1725 1971 1804 2008 cur.)

590 2024 699 2055 6394.
723 2044 762 2048 -
786 2025 907 2059 Eidem,
928 2026 1040 2055 mand.
1060 2027 1096 2055 ut
1114 2034 1152 2055 ea
1176 2033 1248 2063 quse
1268 2024 1307 2054 de
1331 2024 1429 2054 bonis
1454 2023 1737 2054 monasteriorum
1765 2023 1963 2053 monialium
1989 2023 2022 2052 in
2047 2023 2135 2053 dicta

545 2082 635 2111 terra
652 2079 909 2110 consistentium
928 2079 1043 2116 Apost.
1059 2078 1136 2108 Sedi
1152 2077 1344 2107 immediate
1364 2077 1590 2115 subjectorum
1604 2076 1748 2106 alienata
1766 2075 1943 2109 invenerit,
1962 2084 2021 2105 seu
2043 2084 2134 2105 occu-

546 2134 634 2172 pata,
652 2133 692 2162 ad
708 2132 949 2171 proprietatem
972 2131 1138 2160 dictorum
1164 2131 1307 2160 monast.
1332 2130 1480 2168 legitime
1501 2138 1656 2159 revocare
1685 2129 1851 2167 procuret.
1870 2127 1922 2167 (V.
1952 2130 2018 2164 126,
2045 2137 2075 2158 n.
2098 2130 2135 2158 23

545 2186 580 2215 de
597 2186 676 2223 cnr.)

591 2235 698 2266 6395.
717 2255 755 2259 —
772 2237 894 2272 Eidem,
911 2237 1021 2267 mand.
1046 2238 1083 2267 ut
1106 2237 1135 2266 si
1161 2245 1245 2275 quas
1264 2236 1396 2266 litteras
1415 2235 1477 2265 sul)
1505 2234 1640 2264 nomine
1658 2234 1694 2263 P.
1715 2234 1752 2263 P.
1778 2233 1831 2263 vel
1851 2234 2135 2272 przedecessorum

547 2300 685 2321 suorum
704 2291 838 2321 nomine
859 2290 944 2320 falso
972 2289 1140 2320 confectas
1170 2289 1204 2318 in
1228 2297 1329 2328 regno
1353 2290 1384 2318 et
1409 2290 1497 2318 terra
1515 2287 1684 2326 praedictis
1705 2295 1745 2315 ex
1765 2286 1853 2315 fama
1876 2286 1928 2316 vel
1946 2286 2135 2324 aliquorum

547 2343 798 2374 denuntiatione
818 2351 877 2373 seu
897 2342 1033 2381 querela
1058 2342 1255 2380 perceperit,
1280 2341 1372 2379 ipsas
1390 2341 1502 2379 exigat
1524 2341 1566 2373 et,
1589 2348 1704 2369 earum
1726 2338 1985 2369 fabricatoribus
2012 2339 2135 2368 carceri

547 2396 759 2434 mancipatis,
780 2395 857 2425 illas
876 2396 907 2425 et
923 2403 1140 2433 quaecumque
1157 2403 1259 2432 super
1274 2393 1340 2423 hiis
1356 2393 1522 2423 invenerit
1542 2392 1582 2422 ad
1598 2392 1716 2430 Apost.
1730 2391 1805 2421 Sed.
1824 2391 2053 2421 transmittere
2070 2400 2135 2421 non

547 2450 735 2488 postponat.
759 2448 810 2486 (V.
830 2449 897 2484 126,
915 2456 947 2477 n.
965 2449 1002 2478 25
1019 2447 1053 2476 de
1068 2449 1147 2485 cur.)

592 2499 701 2529 6396.
718 2520 755 2523 —
772 2500 894 2536 Eidem,
913 2501 1023 2530 mand.
1042 2501 1078 2530 ut
1096 2500 1302 2530 monasteria
1319 2499 1518 2529 monialium
1533 2498 1611 2528 Sedi
1629 2499 1747 2537 Apost.
1763 2496 1956 2527 immediate
1974 2496 2134 2535 subjecta,

548 2563 621 2593 quae
638 2554 727 2584 fama
743 2554 907 2584 referente
928 2553 1116 2592 perceperit
1133 2552 1341 2582 visitationis
1358 2551 1467 2582 officio
1486 2551 1647 2590 indigere,
1663 2550 1899 2591 personaliter,
1920 2549 1949 2579 si
1963 2549 2136 2579 commode

548 2607 621 2637 fieri
637 2607 771 2645 poterit,
790 2606 941 2645 alioquin
955 2615 1013 2644 per
1031 2605 1179 2644 aliquam
1200 2613 1379 2644 personam
1395 2604 1572 2643 providam
1585 2606 1616 2635 et
1630 2605 1804 2634 honestam
1816 2602 1954 2633 visitare
1970 2603 2134 2640 procuret.

549 2660 601 2698 (V.
624 2661 691 2696 126,
711 2668 743 2689 n.
763 2661 801 2689 27
818 2659 853 2688 de
870 2658 950 2697 cur.)

594 2710 703 2740 6397.
722 2730 759 2734 -
776 2711 899 2750 Eidem,
921 2712 1033 2741 mand.
1053 2712 1089 2741 ut
1114 2710 1352 2749 oppressiones
1374 2719 1457 2748 quas
1475 2710 1629 2740 nonnulli
1650 2709 1781 2739 nobiles
1804 2708 1969 2738 dictorum
1994 2706 2086 2744 regni
2105 2706 2136 2735 et

551 2766 647 2795 terrae
663 2765 815 2804 infligere
839 2766 870 2795 et
888 2764 1012 2794 inferre
1029 2763 1197 2798 dicuntur,
1219 2763 1382 2802 tingentes
1407 2771 1442 2792 se
1460 2763 1619 2801 patronos
1636 2761 1853 2792 ecclesiarum
1873 2760 1906 2789 in
1929 2758 2051 2797 quibus
2070 2758 2136 2796 ipsi

549 2818 604 2856 jus
630 2819 825 2856 patronatus
852 2825 1024 2855 nunquam
1049 2816 1250 2851 habuerunt,
1271 2816 1331 2845 tali
1356 2816 1532 2854 praetextu,
1561 2823 1659 2845 veros
1690 2815 1837 2844 rectores
1863 2812 1902 2842 de
1930 2811 2028 2841 dictis
2056 2809 2134 2840 eccl.
