2376 3334
134 343 232 369 Datum
258 337 283 368 A
290 335 438 368 venione.

194 602 206 627 1
228 601 308 634 (kal.)
326 601 375 633 jul.

226 968 261 995 18
282 968 333 999 jul.

168 1016 216 1046 (xv
235 1012 292 1038 kal.
313 1013 392 1047 aug.)

225 1233 260 1259 21
278 1233 331 1266 jul.

164 1279 218 1314 (xli
234 1279 292 1305 kal.
307 1279 385 1313 aug.)

237 1445 273 1471 Ut
291 1453 314 1471 s.

238 1551 273 1577 Ut
287 1559 310 1577 s.

218 1657 258 1684 27
273 1665 336 1691 auq.

167 1701 207 1737 (Vl
228 1701 285 1728 kal.
303 1702 389 1735 sept.)

174 1871 187 1895 1
208 1868 290 1902 (kal.)
307 1870 375 1902 sept.

212 1913 242 1939 T.
260 1912 335 1938 CCC.

151 2238 185 2265 Ut
201 2246 224 2264 s.
240 2253 274 2258 -
294 2238 323 2264 T.
342 2237 397 2264 XX.

166 2501 201 2528 Ut
213 2510 236 2528 s.
253 2519 285 2523 -
300 2501 329 2528 T.
349 2502 378 2528 D.

517 250 675 280 RENED.
699 248 763 279 XII
780 266 817 270 —
842 247 1047 277 LITTERAE
1072 246 1131 276 DE
1154 246 1303 277 CURIA.
1326 264 1363 268 —
1387 246 1494 276 ANNI
1518 245 1546 275 V
1564 247 1682 281 (1339)
2054 248 2105 276 221

524 443 650 468 monast.
670 437 736 467 abb.
754 456 789 460 —
809 437 829 466 A
840 437 884 467 hh.
903 447 926 466 s.
949 436 1034 465 Petri·
1050 437 1079 465 in
1094 435 1174 465 Caelo
1187 437 1288 465 Atti-co
1303 436 1446 475 papien„
1463 441 1489 465 et
1502 436 1602 476 priori
1616 446 1638 464 s.
1658 435 1780 474 Georqii
1795 435 1830 465 de
1847 435 2111 475 I‘'crralolrip1·ope

524 491 709 520 Ferrariam.
727 491 777 527 (A.
796 492 846 526 53,
866 490 887 519 f.
907 491 983 523 282;
1001 491 1032 519 et
1050 490 1071 518 f.
1090 490 1138 521 91.
1156 491 1179 518 t.
1198 491 1267 524 316,
1282 491 1357 525 317;
1378 489 1408 518 V.
1428 490 1495 525 127,
1513 498 1544 518 11.
1558 490 1606 524 11,
1620 490 1657 518 12
1673 488 1795 524 decur.;
1809 489 1953 524 RiezIer,
1965 498 1996 519 n.
2014 491 2108 523 2048;

523 544 625 579 Bliss,
643 544 686 578 ΙΙ,
702 552 732 582 p.
753 545 836 579 545.)

568 594 677 624 7525.
698 614 734 617 -
751 594 871 624 Rectori
899 595 1116 627 universitatis,
1138 604 1171 623 ac
1197 594 1291 623 cidem
1318 594 1508 623 universilali
1531 594 1745 633 magistrorum
1764 599 1791 623 et
1809 594 1991 623 scholarium
2017 595 2111 623 studii

525 650 686 685 Porisien„
705 648 816 678 mand.
837 650 871 678 ut
888 650 994 686 apost.
1014 647 1193 685 privilegia
1210 647 1399 686 originalia,
1418 647 1541 677 dudum
1558 647 1606 677 eis
1619 656 1788 683 concessa,
1806 648 1837 677 et
1855 647 1985 677 litteras
2003 650 2108 685 apost.

523 711 625 741 super
645 701 899 731 conservatione.
916 701 1067 739 ipsorum
1086 700 1339 738 privilegiorum
1357 709 1546 736 concessas,
1564 700 1650 730 infra
1671 703 1796 730 certum
1817 701 1997 730 terminum
2024 701 2110 738 apud

522 755 597 785 Sed.
612 755 728 793 Apost.
746 754 915 784 destinare
939 754 1116 791 procurent
1133 762 1140 787 3
1160 754 1286 782 attento
1310 753 1397 791 quod
1416 754 1579 791 praetextu
1597 753 1675 782 dict.
1694 753 1947 791 privilegiorum
1966 762 2108 791 quorum

522 809 618 838 tenor
634 808 668 837 in
690 807 782 837 curia
809 807 931 842 deficit,
954 806 1050 835 multi
1081 814 1098 835 a
1115 806 1287 844 magistris
1310 807 1341 835 et
1359 805 1568 835 scholaribus
1584 806 1663 835 dicti
1690 806 1804 842 studii,
1824 814 1950 836 necnon
1974 815 1992 836 a
2006 806 2111 836 vices-

522 860 717 899 gerentibus
734 859 982 889 conservatoris
1009 858 1263 897 privilegiorum
1282 858 1425 887 multum
1452 858 1683 888 molestantur.
1703 859 1753 894 (A.
1771 860 1820 894 91,
1847 859 1868 887 f.
1885 860 1962 893 324;
1985 859 2019 888 V.
2040 860 2106 895 127⁷

523 922 554 943 n.
570 915 588 944 5
603 913 638 943 de
650 923 712 942 eur.
732 913 795 947 3cf.
816 921 846 942 n.
867 913 964 948 75803
985 911 1126 947 Denisse,
1149 911 1268 947 chart„
1290 920 1320 940 n.
1341 911 1442 947 1021.)

568 964 677 994 7526.
695 983 732 987 -
751 964 908 1004 Philippo,
927 974 995 1003 ep.o
1012 963 1176 997 Sedunen..
1197 964 1309 993 mand.
1328 965 1362 993 ut
1384 966 1473 993 certa
1489 963 1561 993 loca
1578 972 1678 1001 super
1695 964 1818 1002 quibus
1836 964 1921 994 inter
1944 964 2110 995 Humber-

522 1021 603 1056 tum,
625 1018 821 1057 dalphinum
842 1018 1015 1053 viennen,
1042 1026 1078 1046 ac
1107 1017 1308 1055 Aymonem,
1327 1016 1483 1046 comitem
1512 1015 1699 1051 Sabaudiae,
1729 1018 1779 1047 est
1802 1018 1918 1047 exorta
1941 1017 2110 1048 discordia

523 1072 563 1102 ad
582 1080 719 1102 manum
739 1072 845 1110 apost.
866 1070 1006 1109 recipiat
1024 1071 1055 1100 et
1073 1071 1232 1105 reservet,
1250 1069 1347 1108 juxta
1371 1069 1613 1099 continentiam
1637 1071 1743 1108 apost.
1773 1069 1962 1100 litterarum
1984 1070 2109 1101 dudum

523 1125 658 1164 ipsimet
675 1125 890 1159 directarum,
911 1124 944 1153 in
964 1122 1087 1162 quibus
1102 1124 1215 1152 tamen
1235 1122 1371 1161 quidam
1390 1131 1483 1152 error
1499 1122 1688 1161 corrigitur.
1706 1122 1759 1161 (A.
1777 1124 1826 1159 91,
1848 1123 1868 1152 f.
1886 1123 1944 1153 326
1962 1123 2109 1162 (fragm.)

528 1177 561 1207 V.
582 1179 649 1213 127,
669 1186 699 1208 n.
717 1179 735 1207 9
753 1176 787 1206 de
801 1186 864 1206 cur.
882 1185 890 1212 3
909 1176 950 1206 cf.
966 1185 998 1206 n.
1019 1177 1122 1212 7522.)

567 1228 676 1258 7527.
697 1247 734 1251 —
749 1230 872 1264 Joanni',
887 1239 953 1269 ep.o
969 1229 1148 1269 Amynino,
1167 1232 1265 1268 apost.
1283 1229 1313 1257 in
1332 1227 1409 1258 Urbe
1424 1228 1548 1263 vicario,
1568 1238 1601 1257 ac
1618 1228 1709 1257 Petro
1726 1228 1891 1265 Laurentii,
1912 1228 1998 1258 basil.
2016 1229 2109 1258 Prin-

521 1284 597 1323 cipis
611 1284 722 1323 Apost.
751 1283 911 1318 allai-oric,
932 1282 1044 1312 mand.
1069 1284 1104 1312 ut
1131 1290 1232 1320 super
1248 1281 1512 1311 incarceratione
1537 1281 1669 1311 Mathaei
1699 1281 1738 1311 de
1756 1281 1837 1311 filiis
1858 1282 1950 1317 Ursi,
1969 1282 2052 1317 mil.‚
2072 1291 2109 1312 ac

522 1337 598 1367 aliis
616 1336 813 1367 excessibus
831 1344 889 1374 per
904 1335 1067 1374 populum
1093 1336 1284 1366 Romanum
1306 1336 1419 1364 contra
1437 1335 1609 1364 senatores
1633 1334 1735 1365 Urbis
1751 1334 1943 1364 commissis
1960 1335 2108 1373 plenarie

521 1398 556 1420 se
574 1389 755 1420 informent
773 1390 804 1419 et
821 1389 978 1419 referant.
1000 1388 1051 1427 (A.
1064 1390 1113 1422 91,
1128 1388 1148 1419 f.
1170 1389 1228 1418 325
1244 1387 1413 1427 (fragm.)3
1437 1387 1471 1417 V.
1489 1389 1555 1424 127,
1574 1395 1605 1416 n.
1623 1389 1642 1418 6
1660 1388 1695 1416 de
1711 1387 1843 1423 σαν-,361
1862 1396 1893 1418 n.
1911 1389 2108 1426 7546·7550.)

566 1439 674 1470 7528.
693 1460 730 1463 —
747 1442 870 1475 Joannz‘,
890 1451 956 1481 epo
983 1441 1161 1480 Anaqm'no,
1187 1441 1299 1471 mand.
1317 1442 1353 1470 111
1370 1440 1532 1479 populum
1560 1439 1749 1470 Romanum
1768 1440 1917 1478 requirat
1931 1442 1967 1470 111
1984 1441 2108 1471 dictum

519 1495 698 1526 Mathaeum
716 1495 787 1525 mil.
807 1496 846 1525 de
866 1503 996 1525 carcere
1015 1495 1178 1524 relaxent.
1201 1494 1250 1531 (A.
1270 1496 1319 1528 91,
1339 1493 1359 1523 f.
1378 1495 1435 1523 325
1449 1497 1504 1528 v⁰;
1528 1493 1562 1523 V.
1579 1494 1647 1529 127⁷
1666 1502 1697 1523 n.
1717 1495 1733 1522 7
1752 1492 1788 1522 de
1804 1493 1884 1531 cur.)

565 1546 673 1576 7529.
693 1566 730 1569 —
756 1547 878 1588 Populo
905 1548 1040 1577 Romano
1064 1547 1224 1577 scribitur
1251 1555 1352 1585 super
1377 1546 1521 1576 carceris
1546 1545 1754 1576 relaxatione
1776 1546 1943 1585 praedicta.
1975 1547 2027 1585 (A.
2055 1549 2105 1581 91,

520 1601 542 1631 f.
558 1603 616 1632 326
635 1602 768 1640 (frag.);
793 1601 824 1630 V.
847 1602 914 1637 127,
935 1602 1002 1630 11.8
1018 1600 1053 1630 de
1071 1610 1134 1630 cur.
1152 1610 1160 1635 3
1175 1600 1332 1636 Theiner,
1351 1598 1427 1630 Cod.
1446 1598 1537 1638 dipl„
1554 1600 1577 1629 t.
1596 1599 1638 1635 ΙΙ,
1656 1608 1688 1637 p.
1705 1600 1768 1637 59.)

564 1654 574 1663 ‘
597 1652 706 1682 7530.
729 1672 765 1675 -—
781 1653 957 1693 Aquilejen.
975 1658 1001 1682 et
1021 1652 1152 1683 Graden.
1168 1652 1369 1692 patriurchis,
1390 1662 1425 1681 ac
1440 1662 1540 1681 eorum
1551 1652 1764 1691 suffraganeis,
1781 1652 1892 1682 mand.
1915 1654 1950 1682 ut
1964 1662 2108 1691 praesen-

518 1709 569 1738 tes
588 1707 721 1737 litteras
742 1715 922 1745 processus
947 1706 1053 1736 factos
1076 1707 1191 1735 contra
1218 1705 1377 1743 populum
1396 1707 1427 1735 et
1444 1713 1620 1735 commune
1642 1705 1826 1735 Bononien.
1849 1705 2057 1736 continentes
2073 1707 2107 1736 in

519 1760 673 1791 ecclesiis
692 1768 808 1790 eorum
833 1761 864 1789 et
891 1759 975 1789 locis
1005 1759 1093 1793 31115,
1116 1759 1215 1797 prout
1244 1758 1293 1788 eis
1320 1757 1501 1793 videbitur,
1528 1757 1698 1796 publicent
1724 1759 1756 1788 et
1780 1757 1902 1788 faciant
1928 1758 2105 1796 publicari.

518 1813 572 1852 (A.
590 1815 640 1845 91,
660 1813 681 1842 f.
702 1814 758 1843 327
774 1812 886 1851 (frag.)
904 1821 909 1848 ;
933 1811 968 1841 V.
989 1813 1057 1845 127,
1077 1820 1107 1841 n.
1128 1813 1164 1841 10
1180 1811 1215 1840 de
1233 1810 1310 1849 cur.)

563 1865 573 1875 “
595 1863 703 1893 7531.
725 1882 762 1887 -
778 1864 828 1894 Ad
850 1865 910 1903 fut.
935 1865 980 1893 rei
998 1874 1083 1894 mem.
1112 1864 1290 1894 Relaxatio
1308 1863 1457 1894 omnium
1475 1865 1506 1893 61
1525 1863 1735 1902 singulorum
1751 1872 1970 1902 processuum
1985 1866 2017 1894 et
2035 1873 2107 1895 sen-

518 1919 701 1949 tentiarum
729 1920 815 1948 auct.
835 1919 940 1956 apost.
961 1917 1124 1947 factorum
1142 1919 1173 1947 et
1190 1917 1333 1946 latarum
1350 1918 1465 1946 contra
1483 1917 1573 1946 civit.
1593 1917 1761 1952 Parmen.‚
1779 1925 1815 1946 ac
1832 1917 2023 1947 communia
2041 1918 2106 1948 dis-

518 1971 638 2002 trictus
659 1973 690 2001 et
708 1972 888 2001 comitatus
916 1971 1007 2000 civit.
1033 1970 1196 2009 ejusdem,
1222 1971 1358 2008 propter
1386 1969 1573 2008 praestitum
1593 1968 1741 2000 favorem
1760 1971 1792 1999 et
1809 1969 1974 1999 auxilium
1999 1970 2106 2000 Ludo=

518 2025 590 2055 vico
610 2025 649 2054 de
668 2024 832 2059 Bavaria3
853 2025 977 2054 attento
995 2023 1082 2062 quod
1093 2023 1298 2053 Guillelmus
1315 2022 1354 2052 de
1368 2023 1564 2061 Pastrengo,
1584 2022 1622 2052 de
1639 2023 1782 2057 Verona,
1796 2022 1972 2061 jurisper..
1990 2032 2105 2053 eorum

519 2078 691 2117 syndicus,
709 2079 811 2111 actor,
828 2078 860 2107 et
877 2076 1029 2112 nuntius,
1050 2076 1084 2106 in
1101 2076 1224 2106 virtute
1244 2075 1429 2114 juramenti
1448 2075 1639 2114 syndicario
1658 2075 1792 2105 nomine
1810 2076 1965 2114 praestiti,
1986 2077 2107 2114 promi-

518 2131 562 2161 sit
590 2132 678 2161 stare
704 2131 800 2161 Rom.
819 2130 908 2160 Eccl.
928 2129 1108 2165 mandatis,
1134 2131 1165 2159 et
1181 2128 1347 2166 absolute,
1369 2128 1473 2159 libere
1498 2129 1530 2159 et
1545 2128 1683 2167 praecise
1714 2128 1752 2159 P.
1776 2129 1813 2158 P.
1837 2137 1965 2167 parere.
1985 2129 2036 2165 (A.
2054 2131 2103 2163 53,

518 2184 539 2214 f.
556 2185 634 2219 2893
657 2184 691 2214 V.
709 2185 775 2220 127,
792 2192 823 2213 n.
841 2185 879 2213 34
893 2182 929 2212 de
946 2193 1025 2218 σωκ,
1046 2182 1191 2218 Riezler‚
1211 2190 1242 2211 n.
1261 2182 1364 2220 2051.)

563 2234 674 2264 7532.
695 2254 731 2259 —
747 2236 781 2267 S.
796 2236 924 2265 Joannis
942 2236 1100 2272 Pamnen„
1119 2240 1146 2264 et
1169 2235 1205 2264 (le
1227 2234 1368 2270 Bersillo,
1398 2234 1540 2264 parmen.
1566 2234 1621 2270 dil,
1654 2238 1780 2264 monast.
1812 2233 1981 2268 abbatibus,
2003 2244 2036 2264 ac
2056 2245 2105 2263 αν-

518 2290 617 2330 chipr.
638 2289 710 2319 eccl.
726 2289 883 2324 Pam-mem,
902 2289 1014 2319 mand.
1035 2290 1071 2318 ut
1088 2289 1285 2319 solemniter
1298 2287 1470 2327 publicent
1486 2287 1729 2318 relaxationem
1745 2286 1914 2318 interdicti
1924 2287 1977 2317 cui
1990 2288 2106 2318 eadem

518 2343 639 2373 civitas
670 2343 808 2382 ejusque
833 2342 1013 2373 comitatus
1039 2343 1175 2380 propter
1201 2341 1463 2379 receptationem
1489 2340 1651 2371 Ludovici
1680 2340 1719 2370 de
1746 2340 1899 2376 Ravana,
1920 2341 1951 2370 et
1970 2342 2106 2379 propter

517 2396 603 2426 alios
621 2404 782 2426 excessus
811 2396 1009 2426 auctoritate
1036 2395 1143 2433 apost.
1172 2395 1203 2424 et
1231 2394 1420 2430 Bertrandi,
1443 2394 1510 2432 ep.i
1526 2393 1667 2430 Ostien.⁷
1687 2393 1773 2423 P.P.
1795 2392 1908 2432 legati,
1930 2393 2106 2432 supposita

516 2450 622 2479 erant.
643 2449 694 2486 (Α.
714 2450 764 2484 53,
783 2448 805 2478 f.
824 2449 903 2483 3013
929 2448 964 2479 V.
981 2449 1049 2483 127,
1068 2456 1100 2477 11.
1119 2448 1156 2477 27
1171 2447 1206 2477 de
1222 2448 1299 2486 cur.)

561 2499 670 2530 7533.
689 2519 723 2524 -κ
741 2501 920 2532 Absolutio
936 2500 978 2531 ab
994 2500 1381 2531 excommunicationum
1398 2500 1577 2530 sententiis
1592 2508 1652 2538 per
1668 2498 1799 2529 nobiles
1810 2498 1969 2528 Albertum
1981 2504 2009 2528 et
2026 2498 2103 2528 Mas-

515 2555 611 2584 tirmm
629 2554 665 2584 de
683 2554 727 2584 La
748 2553 852 2589 Scala,
866 2554 991 2593 fratres,
1010 2553 1184 2593 capitaneos
1200 2557 1227 2583 ει
1247 2552 1463 2593 quhernatores
1480 2553 1562 2582 civit.
1588 2552 1749 2588 Veronen„
1768 2552 1925 2588 Parmen.,
1945 2555 1972 2581 et
1999 2551 2105 2582 Vicen-

516 2609 587 2644 tin„
604 2617 658 2637 nec
681 2617 739 2637 non
761 2612 941 2642 castrorum,
966 2606 1120 2642 villarum,
1142 2607 1376 2643 territoriorum,
1403 2605 1595 2636 districtuum
1613 2610 1639 2635 et
1654 2605 1850 2635 comitatuum
1868 2604 2037 2634 earumdem
2052 2605 2104 2634 in-

514 2661 636 2695 cursis,
665 2669 707 2691 ex
732 2670 770 2691 eo
788 2661 877 2700 quod
906 2661 1087 2699 postquam
1106 2660 1229 2699 quond.
1249 2659 1351 2690 Canis
1379 2659 1525 2690 Grandis
1554 2659 1594 2689 de
1610 2658 1658 2688 La
1686 2658 1792 2694 Scala,
1810 2666 1926 2688 eorum
1950 2659 2101 2697 patruus,

515 2714 630 2744 contra
651 2722 831 2752 processus
855 2713 932 2744 Sed.
950 2713 1083 2752 Apost.,
1100 2714 1170 2743 tam
1186 2712 1497 2743 Mediolanensibus
1517 2713 1597 2742 tunc
1616 2711 1650 2741 in
1667 2710 1851 2741 rebellione
1866 2711 1899 2741 S.
1916 2711 1956 2741 R.
1974 2711 2011 2741 E.
2030 2719 2101 2749 per-

515 2766 726 2801 sistentibus,
744 2775 844 2806 quam
860 2766 938 2796 aliis
956 2765 1141 2796 rebellibus
1157 2765 1315 2805 praestitit
1331 2765 1508 2801 auxilium,
1526 2766 1558 2795 et
1574 2764 1744 2795 Ludovico
1760 2763 1800 2794 de
1809 2763 1952 2794 Bavaria
1969 2762 2101 2793 Italiam

514 2820 686 2850 invadenti
710 2821 742 2850 et
766 2820 800 2849 in
826 2819 918 2850 civit.
936 2819 1135 2849 Tridentina
1162 2818 1323 2849 existenti
1350 2817 1483 2849 obviam
1509 2817 1582 2853 ivit,
1601 2816 1666 2856 ipsi
1692 2815 1853 2847 Albertus
1869 2817 1901 2846 et
1921 2815 2099 2851 Mastinus,

513 2873 665 2911 tempore
690 2881 756 2911 quo
781 2871 950 2903 exercitus
968 2871 1234 2902 Bononiensium
1252 2872 1324 2901 erat
1340 2871 1428 2901 circa
1448 2871 1538 2901 civit.
1557 2869 1745 2900 Ferrarien.
1762 2868 1798 2898 in
1815 2868 1988 2898 obsidione
2007 2867 2097 2897 civit.

513 2925 633 2964 eJusd.‚
655 2926 780 2956 certam
805 2925 957 2964 equitum
981 2926 1013 2955 et
1028 2924 1180 2963 peditum
1204 2923 1426 2963 quantitatem
1450 2923 1485 2953 in
1508 2922 1698 2953 subsidium
1722 2921 1953 2952 marchionum
1969 2920 2097 2954 Esten.,
