2376 3334
1072 554 1159 606 III

390 715 1083 804 BENEDICTI
1177 715 1565 798 PAPAE
1655 712 1841 796 XII

532 947 934 1004 LITTERARUM
985 943 1389 1008 QUARUMDAM
1440 939 1706 998 NOTATIO

248 1089 331 1145 IN
392 1086 794 1144 EJUSDEM
850 1079 1300 1138 REGISTRO
1359 1071 2003 1132 DEFICIENTIUM

194 1951 212 1978 8
229 1953 269 1984 (vl
289 1949 340 1982 id.)
353 1956 418 1983 jan.

184 2111 215 2136 Η
239 2109 283 2144 (ιιι
308 2108 439 2142 id.)ja⁷2.

194 2426 231 2453 42
250 2426 284 2461 (11
302 2424 354 2460 id.)
369 2424 442 2458 jan..

257 2688 292 2715 21
311 2689 376 2721 jan.

212 2735 268 2766 (xll
283 2732 340 2759 kal.
359 2731 426 2766 seb.)

756 1429 1151 1492 LITTERAE
1219 1426 1413 1489 ANNI
1477 1425 1504 1484 I

1043 1543 1211 1582 (1335)

593 1944 704 1976 9381.
722 1963 758 1968 -
785 1946 850 1976 Pro
880 1944 1050 1975 universis
1077 1942 1261 1974 abbatissis
1291 1941 1323 1970 et
1350 1937 1524 1969 sororibus
1555 1933 1838 1966 monasteriorum
1865 1930 1935 1962 ord.
1968 1937 1996 1959 s.
2017 1928 2137 1963 Clarae,

550 2001 721 2039 exemptio
748 2009 767 2030 a
782 1999 996 2039 praestatione
1021 1996 1240 2029 decimarum,
1260 1992 1486 2025 exactionum.
1502 1987 1778 2028 procurationum
1801 1986 1875 2021 etc.⁹
1897 1983 2017 2021 (FeJ‘er,
2038 1980 2138 2011 Codex

519 2038 521 2101 ἶ
551 2053 682 2094 diplom.
700 2052 873 2092 Hunqariae,
886 2055 908 2082 t.
928 2050 1018 2087 VIII,
1039 2049 1104 2080 vol.
1121 2050 1151 2084 4,
1170 2057 1202 2087 p.
1223 2048 1291 2083 101,
1309 2055 1342 2076 n.
1358 2045 1424 2082 28.)

596 2103 706 2135 9382.
724 2123 761 2128 -
778 2105 900 2135 Decano
914 2103 988 2134 eccl.
1011 2102 1215 2136 Nortlnmen„
1232 2099 1406 2139 Maqzzntin.
1429 2097 1484 2132 di„
1502 2094 1724 2126 committitur
1740 2093 1776 2122 ut
1791 2089 1970 2121 abbatissae
1990 2089 2021 2119 et
2038 2088 2138 2126 capit.

521 2159 522 2174 ¹
552 2159 664 2190 saecul.
687 2158 766 2189 eccl.
784 2157 1045 2192 Gandersemen,
1064 2155 1116 2185 ad.
1132 2155 1230 2185 Rom.
1250 2152 1330 2183 eccl.
1349 2150 1432 2181 null.
1452 2148 1538 2179 med.
1556 2146 1691 2186 pertin,
1707 2144 1938 2176 Hildesemen.
1955 2141 2014 2177 di.,
2026 2142 2141 2171 contra

554 2212 757 2243 Wernerum
784 2211 817 2241 et
841 2209 1025 2240 Henricum
1048 2208 1088 2239 de
1113 2205 1324 2242 XVantsleve,
1348 2204 1469 2234 fratres
1496 2200 1681 2239 armigeros
1702 2198 1735 2228 in
1762 2195 1942 2232 Amvorde,
1968 2193 2141 2224 Halherst-

554 2265 650 2296 aden.
669 2263 881 2303 di.,justitiae
899 2260 1183 2300 complementum
1202 2259 1312 2289 faciat.
1331 2257 1381 2296 (G.
1401 2254 1564 2289 Schmidt,
1582 2250 1756 2282 Pc'ibscliclze
1782 2247 1944 2279 Urkunden
1960 2246 2022 2277 und
2036 2246 2142 2286 Reqes-

557 2323 607 2348 ten
628 2327 680 2347 aus
694 2317 759 2347 dem
782 2316 896 2346 latren
925 2314 1147 2350 {295-1352‚
1166 2312 1197 2342 dz'
1221 2311 1340 2342 Gebiece
1354 2309 1406 2339 der
1425 2308 1567 2346 heutiqen
1586 2305 1718 2335 provinz
1735 2302 1869 2334 Saclzsen
1891 2300 1954 2330 und
1968 2299 2058 2330 deren
2077 2298 2146 2328 Um-

559 2370 650 2400 lande
667 2367 846 2408 betreffend‚
859 2367 970 2406 Halle,
993 2368 1080 2403 1886,
1098 2367 1121 2396 t.
1141 2366 1166 2401 I,
1181 2374 1213 2404 p.
1228 2365 1298 2400 300,
1314 2371 1345 2393 n.
1362 2363 1407 2399 7.)

603 2419 713 2452 9383.
729 2440 765 2445 -
789 2420 904 2452 Abbati
922 2424 1048 2450 monast.
1075 2418 1226 2453 Indensis,
1256 2415 1414 2447 Colonien.
1439 2413 1494 2450 di„
1522 2411 1635 2443 mand.
1657 2411 1694 2441 ut
1718 2417 1757 2440 ea
1776 2416 1849 2448 quae
1874 2407 1914 2438 de
1941 2406 2040 2437 honis
2065 2405 2143 2436 eccl.

558 2476 595 2507 B.
610 2476 654 2507 M.
673 2476 817 2514 Aquen.‚
834 2473 994 2504 Leodien.
1008 2472 1068 2508 di.,
1087 2480 1147 2510 per
1161 2469 1397 2501 concessiones
1415 2475 1474 2506 per
1492 2464 1598 2504 ejusd.
1617 2463 1696 2495 eccl.
1718 2463 1862 2492 decanos
1879 2462 1910 2491 et
1927 2459 2026 2498 capit.
2043 2458 2146 2489 factas

561 2529 707 2559 alienata
725 2526 892 2557 invenerit
919 2525 1037 2556 illicite
1058 2524 1112 2555 vel
1129 2523 1301 2558 distracta,
1323 2521 1364 2551 ad
1384 2520 1440 2559 jus
1456 2520 1488 2550 et
1512 2516 1754 2557 proprietatem
1772 2513 1850 2545 eccl.
1868 2512 1975 2552 ejusd.
1997 2510 2147 2550 legitime

528 2594 530 2623 g
560 2589 718 2613 revocare
742 2580 908 2619 procuret.
927 2578 1032 2618 (Orig.
1056 2575 1273 2611 Diisseldorf;
1292 2573 1389 2605 Arch.
1409 2580 1476 2611 reg.
1497 2568 1703 2602 Marienstift
1720 2566 1866 2603 Aachen,
1886 2569 1920 2596 n⁰
1942 2566 2014 2600 165;
2031 2564 2148 2595 Sauer-

561 2634 653 2671 land,
675 2632 838 2664 Urlcunden
852 2631 915 2662 und
927 2631 1073 2671 Regescen
1093 2639 1145 2659 zur
1162 2627 1334 2659 Geschiclzte
1347 2626 1401 2656 der
1416 2623 1615 2659 Ηήεἰηῖαηιίε,
1631 2623 1737 2658 Bonn,
1756 2621 1844 2654 1903,
1861 2619 1904 2655 ΙΙ,
1924 2622 1959 2648 n⁰
1975 2615 2078 2655 2222.)

605 2683 713 2715 9384.
733 2702 771 2708 ——
788 2685 925 2726 Praepos.
940 2684 1068 2714 Misnen.
1089 2681 1161 2719 eccl,
1179 2681 1292 2712 mand.
1309 2681 1346 2710 ut
1370 2679 1464 2709 litem
1483 2677 1570 2707 inter
1587 2674 1776 2706 Dietlinum
1791 2671 1971 2711 plebanum
1996 2678 2023 2700 s.
2044 2669 2146 2700 Bene-

562 2740 643 2771 dicti
669 2739 810 2778 Pragen.
827 2739 859 2769 et
883 2737 1113 2772 Franciscum,
1128 2734 1261 2774 pleban.
1282 2732 1362 2764 eccl.
1384 2732 1416 2763 S.
1434 2731 1479 2762 M.
1497 2730 1572 2760 ante
1596 2729 1722 2759 Laetam
1747 2725 1886 2759 curiam,
1906 2723 1940 2754 in
1962 2722 2032 2753 ead.
2054 2721 2147 2751 civit.

563 2793 719 2832 Pragen.,
743 2791 884 2829 decidat,
904 2791 992 2821 circa
1011 2790 1089 2829 jura
1106 2788 1282 2826 utriusque
1306 2786 1470 2817 exortam.
1491 2782 1595 2821 (Orig.
1615 2780 1747 2812 Archiv,
1767 2787 1836 2816 reg.
1858 2775 2003 2811 Dresde;
2025 2773 2148 2809 Emler,

567 2846 695 2885 Regesta
715 2844 916 2885 diplomatica
935 2852 1050 2873 necnon
1070 2840 1247 2882 epistolaria
1272 2838 1423 2869 Bohemiae
1445 2842 1473 2866 et
1490 2834 1645 2870 Moraviae,
1662 2833 1789 2871 Pragae,
1809 2830 1896 2863 1892,
1914 2829 1937 2858 t.
1962 2827 2019 2861 IV,
2045 2826 2151 2865 (1333-

568 2898 671 2937 1346),
689 2907 721 2937 p.
739 2899 789 2933 49,
806 2906 838 2927 n.
858 2897 941 2934 124.)

282 2952 414 2979 BENED.
439 2951 508 2979 xn.
529 2966 563 2970 —
583 2952 619 2979 T.
642 2950 685 2978 ιι.
1978 2932 2012 2960 58
