2376 3334
384 232 658 262 APPENDICES
682 234 741 263 AD
764 234 943 265 SEXTUM
968 236 1180 268 BULLARH
1206 240 1440 271 fflfiNffluc'l'l
1466 244 1529 273 ΧΠ
1555 244 1712 274 ANNUM
1736 248 1857 279 (1340)
2072 251 2130 280 307

256 422 273 445 b·
290 423 341 447 occ.

214 1316 268 1342 An.
287 1316 372 1343 1346.

161 1527 215 1553 An.
240 1527 425 1556 {282-1285.

162 2008 216 2034 An.
238 2006 327 2034 1337-
334 2007 421 2034 1341.

211 2324 265 2350 An.
283 2324 370 2351 1305.

193 2646 206 2672 1
224 2653 288 2680 any.
307 2646 393 2674 1308.

581 417 690 449 8361.
710 438 747 442 -—
766 422 942 453 Confessio
959 423 1075 453 fratris
1092 426 1232 456 Joannis
1251 428 1289 457 de
1307 429 1457 467 Riparia,
1472 432 1596 469 prioris
1614 433 1789 465 domorum
1803 436 1906 467 Urbis
1922 439 1953 468 et
1972 439 2126 470 Pisarum

537 473 725 512 Hospitalis
752 484 777 504 s.
805 476 946 505 Joannis
974 477 1290 517 Hierosolymitani,
1311 484 1450 512 rectoris
1468 485 1622 515 Maronia}
1641 487 1867 523 Anconitanae.
1886 491 1925 520 de
1945 493 2059 522 mutuo
2077 502 2128 523 re-

536 529 630 564 cepto
645 536 663 556 a
679 528 856 558 collectore
876 530 991 567 Apost.
1010 530 1043 559 in
1059 530 1192 561 Tuscia.
1209 533 1261 568 (ql.
1279 534 1315 562 ,1.
1336 535 1426 567 lust.)

1267 933 1393 984 III

664 1063 872 1095 Documenta
891 1064 987 1097 varia
1007 1076 1082 1108 quae
1104 1066 1140 1098 in.
1162 1068 1299 1111 Reqesto
1318 1070 1543 1103 Avenionensi
1563 1074 1606 1105 LI
1613 1074 1646 1109 1⁷,
1663 1085 1719 1106 seu
1741 1076 1911 1109 Benedicti
1929 1079 1998 1110 XII

1103 1138 1189 1169 (mm'
1208 1139 1296 1170 sexti
1305 1148 1553 1184 pervaqantw:

577 1310 687 1342 8332.
718 1333 755 1336 —
776 1316 881 1346 Bullae
907 1317 1119 1348 diversarum
1146 1320 1331 1352 formarum
1350 1325 1382 1353 et
1403 1324 1443 1354 de
1462 1325 1627 1356 fructibus
1644 1326 1884 1360 beneficiorum
1899 1332 2126 1371 percipiendis

535 1368 567 1396 in
586 1367 750 1404 absentia,
770 1378 909 1400 numero
928 1371 1106 1410 octoginta,
1127 1382 1199 1411 quae
1215 1382 1256 1403 ex
1272 1378 1403 1414 regesto
1417 1378 1494 1407 anni
1512 1379 1599 1409 sexti
1618 1380 1800 1412 Clementis
1814 1391 1908 1422 papae
1926 1385 1971 1414 VI
1989 1385 2127 1416 distrac-

534 1423 572 1451 tae
589 1421 642 1451 hic
667 1424 849 1460 quaternos
866 1423 950 1453 duos
968 1425 1000 1454 et
1018 1424 1075 1455 fol.
1096 1426 1319 1465 quadraginta
1338 1430 1368 1465 (a
1388 1430 1444 1460 fol.
1465 1432 1522 1460 0227
1539 1432 1578 1461 ad
1600 1433 1656 1462 fol.
1674 1435 1746 1473 267)
1763 1444 1803 1465 ex
1821 1436 2025 1476 negligentia
2040 1447 2125 1468 com-

534 1475 679 1512 pactoris
697 1478 872 1514 usurpant.

576 1524 683 1556 8363.
705 1546 742 1550 —-
761 1529 873 1560 Codex
892 1539 983 1568 perg.
1004 1532 1180 1562 continens
1197 1535 1269 1564 octo
1288 1534 1358 1569 fol..
1380 1536 1433 1566 cui
1451 1537 1592 1567 titulus:
1612 1540 1678 1569 «In
1697 1540 1824 1571 Christi
1841 1543 1987 1573 nomine.
2005 1545 2124 1575 Amen.

533 1583 628 1611 Anno
651 1581 789 1612 Domini
811 1583 1072 1620 MCCLXXXII,
1092 1585 1274 1617 indictione
1291 1588 1431 1623 decima,
1454 1590 1675 1622 Pontificatus
1692 1593 1780 1623 dom.
1798 1595 1933 1625 Martini
1951 1596 2028 1627 Ρ.Ρ.
2048 1598 2124 1634 IIII,

531 1643 616 1664 anno
648 1635 689 1668 II,
718 1644 777 1674 ego
796 1636 914 1666 Aliron
940 1637 979 1666 de
1003 1638 1170 1673 Ricardis,
1199 1648 1269 1669 can.
1298 1649 1324 1671 s.
1345 1642 1449 1672 Marci
1466 1643 1506 1673 de
1523 1645 1688 1680 Venetiis,
1703 1646 1862 1677 collector
1881 1657 1899 1678 a
1912 1649 1987 1679 Sed.
2005 1652 2122 1689 Apost.

530 1688 733 1718 constitutus
749 1697 850 1727 super
868 1689 1008 1719 decimis
1027 1691 1138 1721 Terrae
1154 1694 1276 1722 sanctae
1296 1694 1449 1725 subsidio
1466 1696 1635 1734 deputatis
1652 1698 1684 1728 in
1703 1699 1920 1739 Salzburgen.
1940 1703 2124 1740 provincia,

530 1743 561 1771 et
578 1741 733 1780 Pragen.,
748 1742 958 1779 omniun-en„
975 1744 1161 1782 Eysteten„
1176 1747 1208 1775 et
1226 1746 1446 1786 Bambergen.
1465 1749 1659 1780 civitatibus
1675 1753 1707 1781 et
1721 1752 1924 1789 diocesibus,
1948 1763 2041 1793 prov.
2059 1757 2125 1786 Ma-

529 1794 672 1833 guntin..
704 1796 814 1833 recepi
839 1804 897 1833 pro
921 1796 996 1834 ipsa
1026 1797 1156 1827 decima
1178 1800 1209 1827 et
1237 1799 1366 1830 ratione
1384 1800 1493 1839 ipsius
1513 1802 1640 1833 decime
1668 1804 1921 1844 infrascriptam
1947 1809 2125 1846 pecuniam

530 1850 558 1877 et
586 1850 772 1887 argentum,
803 1848 843 1877 ab
872 1848 1100 1888 infrascriptis
1121 1851 1275 1881 ecclesiis
1291 1854 1324 1882 et
1342 1855 1508 1891 personis,
1529 1864 1564 1885 ac
1582 1856 1676 1890 locis,
1696 1859 1879 1889 secundum
1897 1861 1985 1898 quod
2000 1870 2059 1899 per
2075 1871 2124 1891 or-

530 1902 642 1932 dinem
666 1901 807 1931 inferius
828 1902 1016 1932 denotatur.
1045 1912 1059 1931 »
1086 1904 1136 1933 Ex
1163 1904 1228 1934 isto
1249 1905 1361 1936 codice
1379 1909 1491 1945 potest
1512 1908 1628 1939 haberi
1648 1910 1741 1940 valor
1759 1914 1969 1942 monetarum
1988 1913 2124 1944 illarum

531 1956 687 1993 partium.
706 1955 757 1994 (A.
773 1956 822 1990 54,
838 1963 856 1984 a
868 1954 890 1984 f.
907 1957 964 1985 334
982 1956 1022 1985 ad
1038 1956 1059 1986 f.
1079 1958 1132 1986 341
1145 1966 1152 1992 3
1165 1958 1213 1987 De
1226 1958 1329 1997 Loye,
1344 1959 1400 1988 Les
1415 1960 1562 1990 Arclziues
1578 1961 1613 1991 de
1630 1961 1657 1990 la
1674 1962 1820 1993 Clzambre
1831 1970 1942 2004 (most.⁷
1955 1975 1986 2004 p.
2000 1968 2083 2002 202.)

573 2005 684 2035 8364.
705 2025 742 2029 -
772 2008 1013 2046 Fragmentum
1033 2009 1203 2040 sexdecim
1226 2011 1383 2042 foliorum
1407 2013 1629 2045 laceratorum
1652 2017 1752 2046 unius
1775 2018 1927 2055 quaterni
1950 2020 2125 2050 continens

532 2061 683 2091 rubricas
703 2061 809 2091 CXIV
837 2061 1036 2096 litterarum,
1062 2062 1133 2092 sive
1159 2063 1350 2094 clausarum
1369 2066 1441 2096 sive
1460 2068 1648 2105 patentium
1665 2078 1706 2098 ex
1724 2070 1864 2108 regestis
1884 2080 2049 2102 annorum
2063 2073 2122 2109 III,

533 2116 587 2150 IV,
604 2115 644 2148 V,
663 2114 708 2145 VI
726 2116 758 2143 et
773 2114 835 2144 VII
856 2115 1027 2144 Benedicti
1049 2115 1083 2145 P.
1102 2116 1137 2145 P.
1155 2116 1221 2146 XII
1236 2125 1274 2147 eo
1294 2120 1389 2156 pacto
1407 2121 1583 2158 excerptas
1599 2123 1634 2150 ut
1653 2121 1686 2151 in
1704 2131 1769 2152 uno
1791 2123 1898 2154 indice
1922 2124 2125 2155 haberentur

530 2169 729 2198 documenta
756 2167 869 2197 omnia
889 2167 1074 2206 apostolica
1100 2169 1188 2199 circa
1214 2171 1348 2207 negotia
1371 2173 1656 2203 reconciliationis
1682 2175 1844 2206 Ludovici
1864 2177 1903 2207 de
1921 2178 2075 2215 Bamria,
2093 2181 2124 2209 et

531 2220 782 2251 reformationis
810 2220 902 2258 pacis
927 2221 1014 2250 inter
1034 2222 1183 2252 Franciae
1203 2224 1235 2252 et
1252 2223 1381 2261 Angliae
1404 2233 1513 2264 reges.
1534 2229 1691 2264 regnante
1710 2229 1868 2266 praedicto
1884 2238 1982 2269 papa.
2002 2231 2052 2267 (A.
2073 2233 2122 2266 54,

530 2284 547 2303 a
562 2274 583 2304 f.
605 2275 663 2304 342
680 2273 720 2303 ad
741 2273 763 2304 f.
783 2274 866 2304 3572)
884 2274 985 2303 Aliud
1002 2274 1120 2313 fragm.
1141 2275 1246 2313 ejusd.
1266 2278 1419 2315 quaterni
1435 2278 1537 2308 habes
1555 2288 1622 2318 reg.
1640 2280 1711 2315 LV,
1732 2281 1757 2310 f⁰
1774 2283 1848 2318 357;
1863 2283 1904 2312 cf.
1926 2292 1959 2312 n.
1976 2285 2080 2323 9240.)

573 2323 683 2354 8365.
707 2344 744 2347 —
771 2327 884 2356 Codex
907 2335 1027 2357 novem
1053 2327 1110 2358 fol.
1140 2329 1315 2359 continens
1346 2330 1584 2367 inventarium,
1615 2332 1668 2362 die
1695 2333 1826 2364 sabbati
1854 2337 1973 2373 quarta
1996 2337 2123 2367 mensis

530 2380 660 2418 aprilis,
687 2380 765 2409 anni
784 2380 872 2415 1305,
891 2379 1061 2418 inceptum
1078 2381 1117 2410 de
1132 2381 1231 2411 bonis
1254 2382 1395 2412 Joannis
1411 2383 1441 2413 b.
1465 2393 1508 2414 m.
1532 2384 1609 2414 abb.
1628 2388 1772 2417 monast.
1793 2396 1820 2417 s.
1840 2388 1988 2418 Victoris
2002 2390 2123 2419 Massi·

529 2433 608 2463 lien.
625 2433 767 2471 repertis
790 2433 824 2462 in
841 2434 951 2462 castro
968 2433 1101 2463 Aurioli
1119 2442 1178 2472 per
1191 2435 1330 2465 Petrum
1347 2436 1501 2471 Olivarii,
1519 2446 1589 2468 can.
1620 2439 1821 2475 Massilien„
1843 2440 2123 2473 subcollectorem

530 2487 636 2525 apost.
655 2486 690 2515 in
708 2485 799 2515 civit.
820 2487 852 2515 et
870 2485 915 2515 di.
935 2486 1122 2516 Massilien.
1143 2487 1355 2526 deputatum
1372 2489 1460 2528 quod
1475 2490 1702 2522 inventarium
1717 2493 1927 2532 assignatum
1943 2494 2006 2525 fuit
2022 2496 2122 2526 Petro

528 2539 679 2577 Garrige‚
699 2538 935 2569 subcollectori
952 2541 1060 2577 apost.
1072 2540 1211 2579 Regien.
1232 2542 1264 2571 et
1280 2541 1500 2580 Forojuhen..
1513 2545 1545 2573 et
1559 2544 1793 2576 commissario
1811 2546 1852 2576 ad
1867 2546 1936 2577 haec
1950 2547 2121 2586 deputato.

529 2593 579 2629 (A.
598 2593 648 2629 54,
665 2591 688 2622 f.
708 2592 862 2626 358-366;
880 2592 930 2622 De
946 2593 1049 2632 Loye,
1069 2602 1119 2632 op.
1137 2593 1203 2628 cit,
1220 2603 1253 2633 p.
1270 2595 1356 2633 202.)

572 2642 682 2674 8366.
714 2663 752 2667 —
781 2645 1036 2684 Appellationes
1062 2646 1103 2676 ad
1135 2647 1208 2677 Sed.
1246 2648 1309 2686 Ap.
1341 2648 1549 2687 interpositae
1579 2658 1638 2688 per
1670 2650 1910 2690 Grisogonum,
1940 2652 2122 2691 plebanum

528 2699 607 2728 eccl.
638 2707 664 2728 s.
695 2699 739 2728 M.
765 2698 904 2737 Majoris
922 2699 961 2729 de
986 2699 1100 2736 Jadra‚
1118 2702 1383 2738 procuratorem,
1404 2710 1464 2732 seu
1488 2703 1666 2741 syndicum
1692 2703 1808 2734 fratris
1826 2704 1974 2744 Georgii,
1996 2706 2120 2736 Arben.

528 2752 607 2790 ep.i‚
626 2753 658 2782 et
675 2752 791 2782 fratris
806 2751 935 2786 Jacobi‚
951 2752 1088 2782 Jadren.
1106 2753 1280 2792 archiepj,
1297 2755 1413 2784 vicarii
1432 2755 1612 2793 generalis,
1644 2765 1772 2787 necnon
1798 2758 2026 2795 procuratoris
2055 2759 2121 2789 fra-

528 2807 618 2835 trum
636 2805 717 2840 Viti,
732 2804 884 2842 JoanniS‚
905 2806 937 2835 et
950 2805 1095 2842 Matliaei,
1116 2806 1274 2837 abbatum
1290 2810 1433 2838 monast.
1455 2817 1481 2837 s.
1498 2808 1679 2848 Grisogoni
1691 2809 1731 2839 de
1749 2810 1861 2844 Jadra,
1881 2818 1927 2840 ss.
1942 2811 2071 2841 Cosmae
2088 2814 2120 2842 et

530 2858 688 2889 Damiani
709 2859 748 2888 de
771 2858 896 2895 Monte,
923 2860 955 2889 et
978 2867 1006 2888 S.
1033 2859 1188 2889 Michalis
1208 2860 1247 2890 de
1266 2861 1390 2897 Monte,
1412 2861 1547 2891 Jadren.
1569 2861 1626 2896 di.,
1648 2862 1685 2892 O.
1705 2862 1737 2892 S.
1764 2862 1815 2898 B„
1842 2871 1878 2892 ac
1900 2862 2119 2901 plebanorum

529 2911 748 2942 ecclesiarum
761 2919 787 2941 s.
807 2912 899 2941 Petri
915 2912 1062 2945 Veteris,
1080 2921 1107 2942 s.
1124 2912 1217 2942 Petri
1234 2913 1335 2949 Novi,
1351 2914 1383 2943 et
1398 2922 1425 2944 s.
1444 2913 1633 2949 Michaelis,
1651 2915 1868 2953 omniumque
1885 2915 2028 2945 aliarum
2048 2925 2119 2955 per-
