2376 3334
358 231 635 262 APPENDICES
660 233 718 262 AD
741 233 947 267 QUINTUM
970 235 1182 267 nULLARH
1205 237 1441 269 BENEDICTI
1466 240 1529 270 XII
1553 242 1706 273 ANNUM
1730 245 1849 282 (1339)

111 1486 189 1519 Apud
214 1485 443 1519 Beneventum.

220 1536 256 1564 13
274 1545 336 1564 nor.

196 1803 349 1846 Neapoli.

214 1855 249 1882 13
265 1863 326 1882 nov.

116 1964 218 1991 Datum
241 1963 422 1996 Avenzone.

167 2014 185 2040 9
199 2015 229 2048 (v
246 2015 298 2048 id.)
315 2015 371 2043 dec⁴

190 2279 345 2323 Neapoli.

209 2331 249 2358 22
269 2331 325 2358 dec.

205 2489 240 2515 31
258 2489 314 2516 dec.

100 2596 181 2631 Apud
197 2595 430 2629 Beneventum.

223 2646 309 2674 1339.

187 2753 341 2796 Neapoli.

220 2805 307 2834 1339.

2065 252 2082 279 [Q

2086 252 2102 279 Ν)

2105 252 2122 279 20

531 418 576 448 tis
596 420 692 450 nobis
708 430 768 451 vos
781 430 854 451 esse
871 422 1017 453 breviter
1029 424 1091 454 huc
1105 426 1266 455 venturus
1282 435 1339 464 pro
1351 427 1483 459 domino
1494 432 1606 461 nostro
1625 440 1706 471 pape
1724 436 1909 465 reverentia
1921 437 2117 470 exhibenda.

531 472 636 509 Unde,
656 474 734 512 quia
756 477 904 505 vestrum
923 476 1074 507 zelamus
1097 477 1267 515 honorem,
1289 480 1384 510 vobis
1403 482 1625 513 amicabiliter
1648 487 1889 524 respondemus
1906 491 1992 527 quod
2011 494 2118 522 consi-

529 525 684 556 derantes
700 526 895 558 honorabile
913 530 1037 559 statum
1058 532 1218 563 vestrum,
1237 541 1274 562 ac
1292 532 1552 565 benivolentiam
1572 546 1671 575 quam
1690 538 1816 569 domini
1836 550 1892 570 rex
1909 544 1939 572 et
1955 544 2067 582 regina
2086 548 2116 575 et

529 578 586 608 alii
602 579 641 608 de
658 588 772 610 eorum
790 581 886 611 domo
904 582 943 611 ad
961 591 1020 611 vos
1038 585 1167 621 gerunt,
1188 585 1343 623 qnodque
1362 595 1454 617 mora
1471 590 1581 618 vestra
1603 590 1725 620 ibidem
1748 592 1882 623 ‹lomino
1903 598 2014 626 nostro
2034 606 2117 636 pape

529 639 592 660 non
614 632 782 662 modicum
806 636 900 672 grata
924 635 1053 669 existit,
1083 636 1277 667 dubitamus
1306 639 1394 676 quod
1424 641 1586 671 adventus
1619 645 1729 673 vester
1755 653 1818 675 non
1849 647 1891 676 sit
1915 648 1955 677 ad
1976 657 2115 686 presens

528 684 611 714 satis
636 685 755 716 bonus.
774 687 873 717 Scitis
892 688 979 717 enim
1003 689 1091 726 quod
1113 690 1269 719 dominus
1288 692 1401 721 noster
1424 701 1487 723 non
1515 697 1564 724 est
1589 697 1733 726 carnalis
1751 698 1783 727 in
1802 699 1927 737 aliquo,
1947 710 2004 731 nec
2023 705 2114 733 curat

526 737 566 766 de
583 737 709 768 talibus
724 740 934 770 reverentiis
955 741 1048 771 Unde
1070 742 1098 771 si
1117 743 1286 781 contingat
1305 753 1364 774 vos
1382 746 1494 776 venire
1513 749 1543 776 et
1562 748 1644 778 forte
1663 758 1726 779 non
1751 752 1889 790 recipiat
1910 762 1968 783 vos
1984 757 2115 793 gratan-

526 791 586 823 ter,
605 790 826 821 dubitandum
845 795 895 823 est
912 794 1011 832 quod,
1026 795 1054 823 si
1067 795 1108 824 ad
1123 797 1235 833 partes
1249 796 1326 826 illas
1344 798 1524 833 redieritis,
1539 809 1602 830 non
1617 803 1775 840 recipiant
1794 813 1852 834 vos
1865 805 1897 834 in
1909 808 2017 844 gratia
2029 809 2115 839 sicut

525 843 632 880 prius.
650 844 690 873 Et
717 844 840 875 idcirco
865 846 1035 876 videretur
1060 847 1156 878 nobis
1173 857 1246 878 esse
1264 858 1322 887 pro
1341 851 1472 880 meliori
1491 852 1561 882 viro
1581 855 1668 892 quod
1684 855 1788 886 adhuc
1805 860 1952 888 vestrum
1968 862 2114 891 retarda-

524 896 606 925 retis
625 897 804 927 adventum
823 907 999 938 quousque
1017 900 1055 929 de
1072 901 1242 932 voluntate
1261 904 1292 932 et
1304 902 1514 942 beneplacito
1528 906 1655 936 domini
1676 910 1779 938 nostri
1798 918 1897 948 super
1913 912 1972 942 hoc
1993 915 2113 944 essetis

523 948 658 986 plenius
684 951 856 980 certiores.
874 952 1025 983 Scientes
1056 954 1144 992 quod
1165 955 1418 986 matrimonium
1447 958 1534 996 quod
1555 967 1662 997 nuper
1677 963 1883 993 contractum
1906 964 1968 995 fuit
1984 966 2036 996 hic
2055 976 2113 1006 per

523 1001 624 1032 verba
649 1003 688 1032 de
714 1005 863 1041 presenti
887 1005 974 1035 inter
996 1006 1166 1045 Fafflgam,
1189 1009 1323 1046 neptem
1345 1018 1453 1046 suam,
1467 1012 1538 1041 et..
1557 1012 1663 1042 filium
1681 1014 1806 1045 domini
1826 1017 1976 1048 Arnaudi
1999 1020 2037 1050 de
2055 1021 2113 1050 Vi-

522 1055 662 1091 laribus,
683 1056 814 1091 militis,
834 1066 899 1088 non
924 1059 1079 1096 permisit
1105 1060 1262 1090 dominus
1282 1064 1394 1093 noster
1411 1063 1464 1093 hic
1483 1064 1734 1104 solempnizari,
1754 1077 1812 1098 nec
1835 1070 1935 1100 etiam
1959 1081 2114 1103 consum-

522 1109 629 1143 mari3
663 1109 766 1140 immo
792 1111 892 1140 etiam
928 1112 1054 1142 dictum
1082 1114 1336 1144 matrimonium
1359 1117 1536 1147 tractatum
1564 1118 1627 1148 fuit
1652 1119 1777 1159 absque
1800 1131 1838 1152 eo
1871 1124 1958 1162 quod
1984 1125 2111 1156 domini

521 1161 628 1191 Albus
653 1163 684 1192 et
708 1162 747 1192 de
773 1163 976 1195 Monteolivo
1000 1166 1189 1197 cardinales
1213 1168 1245 1197 et
1268 1176 1329 1198 nos
1354 1168 1519 1200 fuerimus
1544 1173 1684 1202 evocati.
1699 1174 1861 1209 Quocirca
1878 1185 1978 1215 super
1998 1181 2109 1210 vestro

521 1215 664 1244 adventu
679 1215 800 1246 bonam
818 1216 1096 1248 deliberationem
1115 1221 1146 1249 et
1168 1220 1348 1251 consilium
1372 1221 1535 1259 habeatis,
1555 1225 1634 1263 quid
1661 1227 1894 1265 expedientius
1919 1230 2015 1261 vobis
2035 1233 2109 1263 erit.

520 1267 626 1298 Nobis
651 1277 859 1308 quecumque
883 1271 986 1301 vestri
1012 1271 1222 1310 beneplacita
1249 1283 1324 1303 cum
1351 1275 1472 1305 fiducia
1489 1278 1721 1309 rescribentes.
1740 1280 1908 1319 Scriptum
1930 1284 2107 1320 Avinione,

519 1321 572 1350 die
586 1329 644 1350 xix
659 1321 816 1352 octobris.
832 1341 868 1345 ——
881 1324 929 1352 Αιι
946 1323 1017 1353 dos:
1036 1325 1147 1355 Nobili
1161 1326 1232 1356 viro
1249 1327 1385 1357 domino
1402 1328 1585 1359 Guillelmo
1606 1332 1772 1368 Furnerii,
1790 1334 1902 1371 militi,
1919 1338 2030 1375 nepoti
2052 1339 2109 1368 do-

518 1374 602 1403 mini
629 1375 735 1405 nostri
760 1384 856 1414 pape.
884 1376 1102 1417 B[ernardus]
1128 1379 1315 1410 Ruthenen.
1338 1381 1529 1412 cardinalis.
1548 1393 1562 1411 »
1580 1383 1677 1424 (Or-iq.
1696 1385 1790 1415 chart.
1813 1396 1877 1417 cum
1901 1390 2005 1429 vestiq.
2025 1391 2104 1430 siqil.

519 1436 577 1456 cer.
594 1427 674 1465 rub.)

563 1477 672 1508 7602.
691 1499 728 1502 —
748 1481 926 1512 Absolutio
952 1484 1148 1522 syndicatus
1172 1485 1347 1516 Guillelmi
1368 1487 1407 1517 de
1425 1497 1451 1518 s.
1476 1489 1590 1525 Paulo,
1612 1491 1738 1521 collect.
1760 1495 1867 1532 apost.
1885 1495 1917 1524 in
1940 1504 2040 1535 regno
2061 1499 2108 1528 si-

518 1533 615 1570 cilia),
632 1534 773 1564 confecti
795 1535 891 1573 juxta
913 1537 1188 1567 constitutionem
1216 1539 1406 1576 Bertrandi,
1431 1541 1512 1571 olim
1529 1542 1688 1582 archiep.i
1705 1545 1931 1585 Ebredunen.‚
1951 1551 1982 1579 et
2006 1550 2106 1589 legati

518 1587 695 1625 apostolici
718 1588 751 1617 in
771 1589 871 1618 terris
890 1590 986 1620 Rom.
1013 1590 1115 1626 Eccl„
1140 1600 1226 1621 nunc
1254 1593 1446 1629 cardinalis,
1464 1596 1558 1633 cujiis
1574 1596 1696 1627 virtute
1712 1598 1874 1630 officiales
1894 1601 1984 1632 civit.
2003 1604 2103 1634 Bene-

516 1641 664 1676 ventan„
682 1650 698 1671 ‹<
717 1642 793 1679 post
810 1650 925 1672 eorum
943 1642 1073 1673 finitum
1090 1643 1238 1674 officium
1257 1654 1315 1683 per
1334 1647 1480 1685 spatium
1498 1657 1544 1678 xx
1563 1649 1693 1679 dierum
1715 1651 1747 1680 in
1767 1652 1855 1682 dicta
1874 1653 2007 1686 civitate
2027 1665 2105 1695 syn-

516 1693 641 1723 dicatui
657 1695 746 1724 stare
771 1696 938 1730 tenentur,
957 1697 1212 1734 querelantibus
1230 1700 1260 1728 et
1284 1700 1432 1737 querelis
1451 1701 1718 1742 quibuscumque
1738 1713 1797 1742 pro
1812 1714 1846 1736 se
1863 1709 1894 1736 et
1915 1708 1986 1738 suis
2005 1710 2104 1740 fami-

516 1746 658 1776 liaribus
676 1749 884 1786 responsuri.
904 1758 918 1777 »
936 1749 1040 1788 (Orig.
1060 1752 1165 1789 perg.)

561 1797 669 1827 7603.
686 1818 722 1821 -
741 1800 946 1831 Guillelmus
971 1802 1010 1832 de
1028 1811 1054 1831 s.
1073 1803 1177 1833 Paulo
1191 1804 1326 1835 exhibet
1343 1805 1514 1843 judicibus
1536 1808 1769 1847 Neapolitanis
1789 1811 1919 1843 litteras
1942 1816 2104 1853 apostoli-

515 1861 570 1882 cas
586 1861 681 1882 suam
708 1853 981 1884 commissionem
1004 1856 1213 1886 continentes
1230 1864 1235 1884 z
1256 1857 1384 1888 scilicet
1404 1861 1475 1889 octo
1492 1860 1555 1890 litt.
1574 1861 1697 1892 Bened.
1717 1863 1781 1893 XII
1798 1866 1829 1894 et
1845 1865 1931 1896 duas
1946 1867 2097 1906 ,Ioannis

514 1905 580 1944 ep.i
599 1906 775 1939 Avenion.,
795 1907 831 1936 P.
852 1907 890 1936 P.
909 1907 1056 1938 thesaur.
1074 1909 1178 1948 (Orig.
1196 1911 1311 1949 grand.
1331 1920 1442 1950 perg.;
1461 1912 1502 1942 cf.
1522 1922 1553 1943 n.
1572 1915 1675 1953 7598.)
1725 1908 1729 1910 .

558 1954 667 1986 7604.
687 1976 723 1980 —
740 1959 861 1989 Bened.
880 1960 941 1990 XlI
959 1961 1073 1991 laudat
1085 1962 1247 1992 Joannem
1265 1964 1304 1993 de
1319 1964 1598 1999 Amelio,archid.
1610 1968 1829 2007 Forojulien.‚
1846 1972 1922 2002 cler.
1940 1974 2098 2013 Gamerae,

513 2012 544 2041 et
560 2012 714 2041 nuntium
740 2014 860 2050 apost„
877 2013 934 2051 qui
954 2014 1150 2044 reformavit
1167 2016 1292 2046 statum
1311 2017 1482 2055 Spoletani
1500 2019 1651 2057 ducatus,
1671 2031 1785 2060 pacem
1806 2027 1995 2064 composuit
2014 2028 2100 2059 inter

511 2064 714 2095 Tudertinos
734 2067 765 2095 et
782 2066 945 2103 quosdam
970 2066 1176 2098 habitatores
1192 2069 1343 2106 ducatus,
1363 2072 1394 2100 et
1412 2072 1569 2102 nonnulla
1587 2073 1663 2105 fecit
1685 2076 1718 2105 in
1738 2076 2097 2111 MarchiaAnconitana

511 2118 624 2148 contra
651 2118 919 2149 Mercennarium
946 2120 985 2149 de
1008 2121 1235 2151 Monteviridi.
1260 2122 1336 2161 Ipse
1364 2124 1405 2153 ad
1428 2125 1618 2163 Campaniae
1640 2128 1882 2169 Maritimaeque
1901 2133 2098 2170 provincias

511 2171 542 2200 et
559 2170 728 2201 civitatem
759 2172 1029 2203 Beneventanam
1058 2182 1093 2203 se
1118 2175 1300 2205 transferre
1327 2177 1471 2211 volebat,
1495 2179 1553 2208 sed
1579 2181 1763 2218 requisitus
1782 2182 1844 2213 fuit
1859 2185 1895 2214 ut
1921 2186 2048 2217 rediret
2065 2188 2098 2218 in

510 2223 657 2253 Marchia
677 2225 708 2254 et
726 2224 759 2253 in
779 2225 998 2255 Patrimonio.
1019 2226 1120 2265 (Orig.
1141 2228 1248 2266 perg.)

554 2274 663 2304 7605.
683 2295 719 2298 —
736 2278 923 2312 Quittantia
938 2279 1073 2309 Martini
1090 2280 1129 2310 de
1147 2281 1262 2316 Baldo,
1280 2281 1498 2321 hospitatoris
1514 2293 1689 2316 cursorum
1702 2287 1735 2317 in
1752 2288 1843 2319 civit.
1856 2290 2095 2330 Neapolitana,

509 2329 548 2359 de
566 2330 785 2367 pecuniarum
814 2332 957 2361 summis
982 2333 1126 2371 receptis
1151 2342 1169 2363 a
1185 2334 1367 2365 Guillelmo
1391 2344 1417 2365 s.
1445 2336 1562 2374 Paulo,
1582 2339 1758 2370 collectore
1783 2343 1914 2380 Apost.‚
1934 2353 1993 2383 pro
2015 2355 2097 2376 non·

508 2382 612 2412 nullis
641 2383 835 2414 cursoribus
865 2384 982 2414 missis
1006 2385 1048 2415 ad
1072 2386 1220 2422 Curiam,
1237 2387 1388 2426 aliasque
1411 2391 1533 2428 partes,
1550 2399 1610 2429 pro
1636 2394 1779 2431 negotiis
1801 2395 1948 2427 Gamerae
1971 2399 2095 2437 Apost.

507 2435 611 2475 (Orig.
632 2436 740 2475 perg.)

552 2485 659 2516 7608.
678 2507 716 2511 —-
733 2489 921 2524 Quittantia
942 2491 1070 2521 Vanilli
1095 2492 1278 2531 Angelutii‚
1303 2495 1451 2525 custodis
1478 2497 1594 2534 palatii
1613 2499 1689 2528 novi
1712 2499 1829 2538 Apost.
1851 2502 1890 2532 de
1911 2503 2095 2535 Montefal-

506 2549 598 2576 cone,
619 2542 658 2571 de
674 2550 735 2572 suo
748 2542 883 2573 salario.
904 2543 1009 2583 (Orig.
1026 2553 1119 2584 perg.
1138 2546 1247 2583 parv.)

550 2591 659 2623 7607.
675 2612 713 2616 —
727 2595 921 2631 Quittantiae
945 2596 1097 2635 judicum
1115 2599 1146 2628 et
1166 2599 1376 2630 notariorum
1404 2601 1439 2631 in
1457 2603 1568 2633 causis
1589 2604 1797 2635 vertentibus
1820 2606 1906 2637 inter
1926 2610 2091 2640 rectorem

505 2649 537 2677 et
552 2647 800 2678 thesaurarium
817 2649 1102 2688 Beneventanum,
1123 2660 1164 2681 ex
1179 2653 1272 2690 parte
1288 2662 1365 2690 una,
1386 2656 1417 2685 et
1436 2655 1641 2695 archiep.um
1664 2666 1700 2687 ac
1717 2658 1815 2697 capit.
1835 2660 2028 2698 Benevent.‚
2046 2671 2087 2692 ex

505 2700 622 2734 altera,
638 2701 678 2731 de
694 2709 809 2731 eorum
827 2702 973 2733 salariis.
990 2702 1114 2742 (Chart.
1132 2704 1247 2744 lacer.)

549 2750 658 2782 7608.
675 2771 712 2776 -—
733 2754 920 2790 Quittantia
936 2757 1160 2794 quorumdam
1188 2760 1412 2790 mercatorum
1436 2761 1611 2806 societatis·
1624 2762 1850 2801 Perutiorum,
1868 2765 2087 2804 depositario-

503 2814 578 2836 rum
595 2806 743 2837 Camerae
763 2808 894 2846 Apost.,
913 2808 952 2839 de
975 2811 1065 2840 certa
1082 2811 1231 2849 pecuniae
1254 2813 1438 2851 quantitate
1461 2822 1479 2844 a
1494 2814 1675 2846 Guillelmo
1692 2816 1731 2846 de
1752 2825 1780 2848 s.
1801 2817 1919 2854 Paulo,
1936 2818 2086 2849 thesaur.

502 2858 748 2896 Beneventano,
765 2862 908 2899 recepta.
930 2862 1032 2901 (Orig.
1051 2862 1164 2894 Chart.
1182 2873 1289 2903 parv.,
1305 2865 1340 2895 in
1357 2865 1473 2905 lingua
1491 2867 1576 2905 ital.)
