2376 3334
232 202 287 229 101)
331 200 485 230 lllssNICI).
512 200 573 230 XII
598 218 634 221 —
659 200 863 230 Lt't'TEl-tile
887 200 1138 235 «OMMUNEs,
1163 200 1243 230 SEU
1267 200 1556 230 DlvtclisARUM
1584 198 1845 229 FORMARUM.
1867 216 1902 220 —
1920 198 2028 229 ANNI
2053 199 2096 228 IV
2119 200 2241 238 (1338)

262 290 361 315 {tautum
385 285 563 317 Avenione.

359 497 396 522 225
413 505 474 529 apr.

300 541 340 573 (tx
359 540 415 565 kal.
433 539 522 570 maii.)

359 583 389 608 T.
408 582 477 607 XVI.

354 862 392 887 26
412 870 471 896 apr.

301 907 341 940 (vi
359 906 414 932 kal.
435 906 527 937 maii.)

309 951 354 976 (tr.
373 958 422 983 pro
441 951 517 976 card.

357 1553 395 1580 23
414 1561 474 1587 apr.

301 1598 341 1631 (iv
361 1597 418 1623 kal.
436 1596 528 1631 maii.)

354 1642 383 1669 T.
406 1642 475 1668 XVI.

284 2079 317 2106 Ut
335 2087 357 2105 s.
374 2094 409 2099 —
428 2080 457 2105 T.
477 2080 544 2105 XVI.

354 2501 392 2528 30
409 2509 471 2535 apr.

307 2547 339 2579 (11
356 2545 414 2572 kal.
432 2544 523 2579 maii.)

379 2589 409 2616 Τ.
428 2589 457 2615 L.

624 419 625 424 ¹
656 386 691 416 P.
719 387 752 415 Ι).
780 386 919 416 arbitrio
946 386 1135 424 infligenda,
1163 395 1203 416 ne
1228 386 1441 424 aliquatenus
1467 394 1523 414 eas
1543 385 1731 415 observent.
1754 386 1807 423 (A.
1835 387 1883 419 85,
1912 386 1932 415 f.
1962 388 2018 417 186
2038 392 2085 423 v⁰;
2112 387 2143 416 V.
2171 389 2238 422 126,

654 447 684 467 n.
705 439 769 469 78.)

698 489 808 518 6280.
828 509 865 513 —
884 492 1047 530 ¹>trrlziepo
1068 491 1251 520 Eoi-eduum
1268 514 1276 527 ,
1305 491 1415 520 mand.
1443 492 1475 520 ut
1507 491 1629 528 przevia
1656 491 1892 521 informatione
1915 492 2035 522 Joanni
2061 501 2135 530 ep.o
2158 493 2242 522 Gra-

655 544 910 582 tianopolitano,
931 546 962 574 et
982 544 1054 582 ejus
1074 545 1287 582 episcopatus
1305 552 1427 573 mensu·
1449 543 1579 572 restitui
1603 543 1701 573 faciat
1718 544 1882 582 quidquid
1901 544 1934 574 in
1954 553 2069 574 eorum
2089 545 2242 584 prwjudi-

654 597 741 626 cium
758 599 789 627 et
806 597 964 626 damnum
984 606 1042 635 per
1056 597 1288 631 titiillelinum,
1316 605 1427 634 ep.uni
1446 596 1762 634 Gratfflnopolitan„
1790 596 1884 626 illius
1904 606 1999 635 prox.
2020 597 2243 636 praedecesso-

655 658 736 683 rem,
764 658 821 688 per
850 650 963 688 plures
986 658 1091 679 annos
1109 650 1184 679 ante
1201 649 1290 678 diem
1314 649 1364 678 sni
1394 648 1505 678 obitus
1524 651 1589 678 tam
1616 657 1656 678 ex
1684 650 1854 679 senectute
1878 658 1978 688 quam
2000 658 2041 680 ex
2069 650 2243 680 debilitate

654 703 803 740 corporis
827 703 867 732 ad
886 703 1034 741 regimen
1054 702 1200 740 episcop.
1226 703 1338 731 minus
1361 703 1561 738 compotem,
1580 710 1776 731 concessum
1796 702 1847 732 vel
1867 703 2049 733 alienatum
2068 703 2241 741 repererit,

653 756 685 784 et
709 755 871 793 quidquid
902 764 919 784 a
951 754 1144 793 regentibus
1173 754 1403 792 episcopatum
1428 754 1624 791 prxwlictum
1654 756 1807 784 exactum
1839 756 1870 784 et
1899 757 2097 794 occupatum
2129 756 2242 786 fuerit.

654 807 771 846 (11.85,
795 807 814 837 f.
835 810 907 842 2413
933 808 966 837 1⁷.
991 809 1054 841 126,
1073 816 1104 836 n.
1126 809 1199 841 1762
1218 807 1258 836 cf.
1282 808 1433 838 11.7394.)

698 857 806 887 (3281.
825 878 861 881 —
879 860 1035 889 Nobilibus
1050 859 1162 889 tIacobo
1180 859 1216 889 de
1235 858 1434 895 Gabrielibus,
1457 864 1482 888 et
1502 859 1577 888 llnso
1597 858 1735 894 Nouello,
1755 859 1902 889 militibus
1918 860 2088 899 Ezzynffln„
2108 860 2243 899 officium

652 913 810 941 senatoriae
827 923 882 952 pro
896 913 932 942 P.
948 913 984 942 Ι).
1001 914 1031 941 in
1054 912 1131 942 Urbe
1146 912 1327 950 sym-entibus,
1344 912 1455 942 mand.
1474 914 1509 942 ut
1527 911 1658 942 nobiles
1676 912 1872 942 Bertuldum
1896 914 1927 943 et
1944 913 2174 949 Benedictum,
2191 922 2244 943 co-

654 966 752 996 mites
776 966 958 1001 Palatinos,
981 975 1017 995 ac
1035 965 1210 995 Mathwum
1232 967 1264 995 et
1282 965 1628 1003 lsstertuldum‚‹1[uond.
1649 965 1876 1003 Neapoleonis
1893 965 2014 996 militis
2033 966 2134 1002 filiOS,
2154 966 2242 996 mili-

652 1020 714 1054 tes,
731 1019 914 1049 Jordannm
931 1018 1080 1048 Poncelli
1099 1018 1138 1047 de
1157 1018 1238 1048 filiis
1255 1018 1345 1053 Ursi,
1364 1017 1526 1047 Jacobum
1544 1018 1583 1047 de
1603 1017 1736 1048 Sabello
1754 1020 1785 1048 et
1803 1019 1969 1057 Angelum
1986 1018 2241 1056 Malabranchae,

652 1072 742 1101 cives
761 1072 941 1105 Romanos,
968 1071 1025 1110 qui
1043 1071 1083 1100 ad
1100 1071 1178 1101 eccl.
1203 1080 1228 1100 s.
1254 1070 1371 1109 Angeli
1394 1071 1427 1100 in
1447 1070 1681 1108 Foropiscium
1698 1070 1737 1100 de
1756 1070 1858 1105 Urbe,
1873 1080 1945 1110 qua*
1962 1071 2082 1102 titulus
2097 1072 2244 1102 cardina-

654 1125 742 1154 latus
762 1125 891 1161 existit,
909 1133 1008 1153 manu
1036 1126 1163 1154 armata
1189 1126 1218 1153 et
1245 1123 1413 1153 hostiliter
1439 1123 1645 1159 accedentes,
1666 1123 1776 1162 ignem
1791 1124 1889 1154 ostiis
1915 1124 1994 1155 eccl.
2013 1133 2049 1154 ac
2068 1124 2243 1155 domorum

652 1178 805 1213 Joannis,
825 1187 851 1208 s.
870 1178 987 1216 Angeli
1010 1178 1095 1207 diac.
1116 1177 1219 1211 card,
1244 1178 1275 1206 et
1296 1186 1312 1205 «
1337 1176 1574 1206 canonicorum
1599 1178 1630 1206 et
1653 1177 1792 1215 capituli
1818 1177 1969 1216 ejiisdem
1988 1177 2067 1207 eccl.
2089 1186 2173 1208 ausu
2193 1186 2243 1208 sa-

653 1231 776 1269 crilego
798 1231 991 1265 immittere,
1016 1239 1074 1260 nec
1103 1239 1166 1259 non
1194 1229 1381 1259 machinam
1402 1238 1505 1268 prope
1528 1229 1651 1259 dictam
1676 1229 1755 1259 eccl.
1782 1231 1817 1259 ut
1839 1232 2070 1269 expugnarent
2089 1231 2243 1261 eamdem

653 1284 781 1323 erigere
800 1292 836 1313 ac
853 1292 927 1313 cum
944 1292 982 1313 ea
997 1283 1184 1321 campanile
1207 1283 1314 1321 ipsius
1331 1284 1363 1312 et
1382 1291 1561 1321 campanas
1580 1283 1611 1312 in
1630 1291 1668 1312 eo
1686 1283 1871 1313 existentes
1891 1292 1950 1313 nec
1971 1292 2037 1314 non
2056 1285 2143 1313 tecta
2160 1283 2245 1322 lapi-

654 1337 778 1375 desque
806 1345 1012 1366 marmoreos
1035 1336 1074 1365 ad
1103 1337 1294 1366 ornatum...
1323 1335 1431 1374 ipsius
1457 1335 1536 1366 eccl.
1569 1335 1603 1365 in
1629 1335 1841 1374 frontispicio
1863 1337 1895 1365 et
1923 1336 2000 1366 aliis
2018 1336 2243 1375 parietibus...

655 1390 839 1419 existentes
866 1390 1056 1419 »dirimere
1076 1391 1105 1418 et
1129 1389 1282 1419 incendio
1306 1397 1465 1423 cremare,
1486 1398 1522 1418 ac
1546 1389 1678 1418 cuidam
1702 1389 1841 1427 imagini
1860 1398 1885 1418 s.
1905 1389 2079 1419 Michaelis
2103 1389 2246 1420 Archan-

654 1443 719 1482 geli
744 1442 915 1472 brachium
942 1444 1116 1480 amputare
1139 1443 1438 1480 przesumpserunt,
1466 1441 1663 1471 auctoritate
1689 1443 1796 1480 apost.
1825 1442 2029 1480 compellant
2051 1443 2092 1472 ad
2112 1442 2245 1472 satisfa-

625 1524 627 1548 t
655 1496 809 1526 ciendum
833 1496 959 1525 eisdem
979 1496 1066 1525 card.
1081 1497 1112 1525 et
1129 1495 1208 1525 eccl.
1223 1495 1275 1533 (A.
1293 1496 1342 1529 85,
1360 1495 1381 1524 f.
1404 1496 1478 1530 1833
1504 1494 1534 1524 V.
1560 1496 1626 1530 126,
1643 1503 1673 1524 n.
1694 1497 1747 1529 713
1765 1494 1806 1524 cf.
1823 1503 1853 1524 n.
1875 1496 1978 1532 5034.)

700 1547 806 1577 (3282.
822 1567 858 1570 ——
872 1549 954 1588 Epo
969 1550 991 1578 ,t
1001 1547 1168 1582 1·cl1adie11.,
1181 1554 1207 1577 el
1217 1548 1314 1587 priori
1331 1558 1354 1576 s.
1371 1547 1411 1578 M,
1428 1547 1567 1586 Majoris,
1583 1557 1617 1576 ac
1626 1547 1804 1587 primicerio
1818 1558 1841 1578 s,
1860 1547 1958 1577 Marci
1973 1547 2007 1577 de
2025 1546 2157 1584 Candicz,
2175 1547 2247 1578 Cre-

656 1608 714 1632 ten.
741 1602 795 1638 dt„
820 1602 930 1632 mand.
957 1604 991 1632 ut
1018 1601 1142 1640 przevia
1160 1601 1399 1631 informatione
1418 1604 1504 1630 auct.
1533 1602 1640 1639 apost.
1665 1601 1845 1630 decernant
1862 1601 2057 1639 episcopum
2076 1602 2108 1631 et
2127 1601 2246 1631 fratres

656 1656 779 1685 Montis
802 1655 906 1690 Sinai,
930 1655 999 1693 (qui
1024 1663 1110 1684 nunc
1132 1656 1209 1684 sunt
1230 1654 1368 1684 trecenti
1386 1653 1629 1692 quinquaginta
1652 1654 1810 1693 <legentes
1832 1654 1865 1683 in
1886 1654 1973 1683 dicto
1991 1653 2160 1692 monast.)‚
2178 1655 2247 1684 tam

656 1709 688 1738 in
715 1709 822 1747 capite
849 1717 949 1747 quam
978 1708 1011 1737 in
1039 1707 1202 1737 membris
1229 1716 1246 1737 a
1275 1707 1359 1737 Sede
1387 1708 1503 1745 Apost.
1533 1709 1719 1745 exemptos,
1747 1715 1810 1736 non
1834 1707 1940 1736 teneri
1971 1707 2011 1736 ad
2044 1706 2246 1737 solutionem

654 1771 696 1791 xv
713 1762 782 1791 tior.
803 1762 876 1792 auri
894 1761 977 1799 ipsis
994 1769 1053 1799 per
1069 1760 1277 1799 archiep.um
1294 1760 1441 1795 Creten,
1461 1761 1625 1798 praetextu
1644 1768 1870 1798 expensarum
1888 1760 1920 1789 in
1937 1759 2056 1790 itinere
2072 1759 2112 1789 ad
2134 1761 2247 1798 partes

655 1815 732 1844 illas
747 1823 805 1853 per
822 1815 932 1853 ipsum
951 1814 1125 1849 factarum,
1142 1813 1390 1852 impositorum,
1408 1821 1514 1851 neque
1529 1813 1569 1842 ad
1586 1812 1787 1842 solutionem
1805 1813 1979 1851 pensionis
1996 1813 2139 1842 duorum
2155 1814 2246 1842 rotu-

654 1868 762 1898 lorum
780 1867 996 1897 candelarum
1017 1875 1100 1897 cerae
1115 1868 1146 1896 et
1164 1866 1264 1896 unius
1288 1874 1453 1896 mensurae
1473 1865 1537 1895 olei
1561 1866 1661 1894 mistas
1686 1865 1868 1904 vulgariter
1887 1867 2097 1903 nuncupatae,
2119 1867 2151 1895 et
2169 1865 2249 1895 duo-

655 1930 728 1951 rum
746 1929 919 1950 caseorum
935 1929 994 1958 pro
1013 1920 1092 1949 eccl.
1111 1920 1144 1949 in
1163 1919 1287 1949 honore
1308 1928 1334 1948 s.
1353 1918 1484 1949 Nicolai
1503 1920 1693 1948 constructa
1712 1919 1745 1948 in
1762 1919 1852 1948 civit.
1872 1918 2017 1953 Candiae,
2034 1918 2153 1948 insulae
2173 1918 2248 1949 Cre-

654 1976 734 2009 ten.‚
759 1982 796 2003 ac
822 1982 882 2012 pro
898 1972 1028 2003 duabus
1048 1972 1204 2002 domibus
1224 1972 1258 2001 in
1282 1973 1371 2002 terra
1398 1972 1477 2001 eccl.
1503 1980 1529 2001 s.
1547 1971 1702 2001 Barbarze
1722 1971 1818 2001 dictae
1843 1971 1948 2007 civit.,
1968 1980 2041 2010 quae
2064 1980 2122 2010 per
2137 1972 2247 2001 terrae-

656 2028 766 2056 motus
781 2027 943 2064 impetum
961 2026 1079 2056 dirutae
1097 2025 1242 2055 fuerunt.
1263 2025 1314 2064 (A.
1330 2026 1381 2059 85,
1401 2025 1421 2054 f.
1439 2026 1492 2053 211
1513 2029 1560 2059 v⁰;
1583 2023 1614 2052 V.
1636 2025 1703 2057 126,
1720 2033 1752 2054 n.
1774 2025 1856 2063 123.)

699 2076 807 2107 6283.
826 2097 861 2101 -
879 2079 1047 2117 Archiapo
1060 2078 1226 2114 Senonen.‚
1242 2077 1369 2108 consid.
1386 2077 1546 2116 Philippi,
1564 2078 1652 2115 regis
1666 2077 1828 2113 Franci-ae,
1846 2077 1957 2107 mand.
1972 2079 2007 2108 ut
2019 2077 2062 2116 (si
2077 2085 2174 2115 ep.us
2186 2077 2248 2107 Pa-

655 2132 783 2167 risien.,
801 2132 853 2161 cui
867 2131 935 2170 jam
954 2131 1016 2161 fuit
1034 2131 1209 2169 scriptum,
1229 2132 1372 2169 nequeat
1389 2130 1440 2160 vel
1459 2130 1543 2160 nolit
1558 2130 1749 2168 procedere)
1766 2130 1838 2168 ipse
1854 2130 2012 2168 procedat
2030 2130 2071 2160 ad
2087 2130 2247 2160 unionem

656 2184 865 2214 oblationum
887 2193 960 2222 quae
976 2184 1178 2222 proveniunt
1198 2184 1229 2213 in
1244 2183 1374 2222 capella
1389 2191 1407 2213 a
1424 2191 1449 2213 S.
1469 2183 1637 2213 Ludovieo
1655 2191 1730 2221 rege
1749 2183 1898 2213 Franciae
1917 2183 1950 2212 in
1963 2183 2061 2213 domo
2078 2183 2247 2213 Caecorum

655 2238 819 2267 Parisien.
838 2237 986 2272 fundata,
1005 2238 1035 2267 et
1050 2237 1090 2266 ad
1104 2246 1152 2266 xit
1170 2236 1228 2266 lib.
1244 2236 1346 2275 paris
1362 2236 1535 2266 annuatim
1553 2236 1748 2271 ascendunt,
1767 2236 1965 2272 faciendam,
1980 2236 2093 2266 favore
2107 2235 2248 2266 rectoris

655 2290 761 2328 ejusd.
782 2290 929 2328 capellae.
946 2290 1155 2320 Concedatur
1172 2291 1283 2319 tamen
1299 2289 1463 2328 condigna
1480 2289 1746 2327 recompensatio
1761 2289 1885 2319 decano
1899 2290 1931 2318 et
1946 2288 2059 2327 capit.,
2079 2297 2116 2318 36
2132 2289 2246 2318 curato

656 2343 735 2373 eccl.
752 2352 776 2372 s.
793 2343 952 2373 Germani
967 2343 1236 2373 Autissiodoren.
1250 2342 1428 2378 Parisien„
1443 2342 1530 2372 inter
1544 2350 1629 2381 quos
1646 2350 1684 2372 ex
1702 2350 1767 2372 una
1781 2343 1874 2380 parte
1889 2342 1921 2372 et
1938 2341 2245 2380 eleemosynarium

656 2396 796 2434 regium,
818 2397 979 2426 rectorem
1004 2396 1123 2425 domus
1145 2397 1176 2426 et
1195 2395 1331 2433 capellze
1359 2395 1606 2434 praedictarum,
1632 2403 1670 2425 ex
1690 2395 1806 2431 altera,
1832 2394 2008 2425 discordiae
2030 2395 2061 2424 et
2090 2394 2247 2424 scandala

655 2450 904 2487 praesumuntur
919 2449 1063 2486 desuper
1076 2448 1214 2478 exoriri.
1235 2448 1286 2486 (A.
1302 2450 1352 2482 85,
1369 2448 1391 2478 f.
1412 2450 1469 2479 182
1483 2453 1528 2484 v⁰;
1554 2447 1584 2478 V.
1606 2449 1673 2481 126,
1694 2456 1725 2478 n.
1743 2448 1796 2484 703
1813 2447 1854 2477 cf.
1872 2456 1904 2478 n.
1923 2447 2012 2483 3918,
2031 2446 2136 2485 3919.)

700 2498 808 2529 6284.
825 2516 862 2521 —
879 2501 964 2540 Ep.0
981 2500 1117 2537 Olorem,
1138 2501 1250 2531 mand.
1270 2502 1304 2531 ut
1322 2502 1434 2539 partes
1452 2509 1520 2531 suae
1532 2500 1776 2530 sollicitudinis
1793 2500 1984 2538 interponat
2001 2500 2042 2530 ad
2062 2499 2247 2530 reforman-

656 2554 731 2584 dam
758 2553 969 2584 concordiam
993 2554 1081 2583 inter
1097 2555 1213 2591 gentes
1229 2553 1305 2583 nob.
1326 2553 1498 2589 Gastonis,
1522 2553 1656 2583 comitis
1674 2553 1771 2587 Fuxi,
1792 2555 1824 2583 et
1844 2552 1998 2583 subditos
2023 2552 2089 2591 ep.i
2116 2553 2148 2582 et
2166 2552 2245 2582 eccl.

655 2608 872 2641 Lascurren.;
901 2609 1083 2645 gentesque
1106 2606 1186 2635 dicti
1203 2606 1337 2636 comitis
1357 2605 1509 2636 absolvat
1533 2614 1552 2635 a
1573 2606 1752 2636 sententiis
1774 2614 1902 2636 excom.
1925 2614 1943 2635 3
1959 2605 2034 2644 jure
2055 2605 2108 2635 vel
2128 2604 2169 2635 ab
2192 2604 2246 2635 ho-

654 2660 744 2689 mine
761 2659 839 2689 latis
856 2667 898 2689 ex
914 2667 952 2689 eo
972 2659 1061 2697 quod
1079 2658 1113 2688 in
1130 2659 1202 2688 loco
1218 2659 1258 2689 de
1277 2659 1450 2697 Benejaco,
1470 2659 1669 2689 Lascurren.
1688 2659 1747 2695 di„
1768 2658 1830 2689 sub
1849 2658 1968 2697 majori
1985 2658 2092 2697 ejusd.
2110 2657 2246 2688 comitis

655 2712 803 2742 dominio
826 2711 1024 2742 consistenti
1049 2711 1243 2741 hominibus
1270 2713 1302 2741 et
1326 2710 1473 2741 subditis
1495 2711 1575 2741 dicti
1600 2711 1667 2750 ep.i
1695 2711 1856 2750 praefatis,
1881 2712 1950 2741 tam
1977 2710 2064 2750 ignis
2090 2710 2244 2740 incendio

654 2774 753 2804 quam
769 2764 865 2799 alias,
881 2764 1007 2802 absque
1019 2765 1129 2803 strage
1145 2765 1258 2794 tamen
1272 2763 1445 2793 hominum
1459 2765 1491 2794 et
1507 2764 1720 2794 mutilatione
1734 2763 1976 2800 membrorum,
1994 2763 2107 2801 aliqua
2123 2763 2244 2792 damna

654 2827 713 2856 per
731 2817 925 2847 violentiam
943 2817 1139 2847 intulerunt.
1157 2816 1209 2855 (A.
1230 2817 1280 2851 85,
1301 2816 1321 2846 f.
1341 2818 1396 2847 196
1413 2820 1462 2852 v⁰;
1488 2816 1522 2846 V.
1547 2818 1614 2852 126,
1631 2825 1662 2846 n.
1683 2819 1739 2851 94;
1765 2818 1832 2851 133,
1853 2816 1874 2847 f.
1892 2818 1931 2847 44
1949 2821 1991 2852 νο,
2013 2824 2045 2845 n.
2067 2817 2139 2851 1433
2159 2816 2247 2846 Dau-

655 2872 733 2905 met,
755 2879 788 2901 n.
806 2869 889 2908 436.)
