2376 3334
486 561 1216 648 DOGUMENTA
1276 561 1762 645 ANNEXA

383 935 1107 1001 OBLIGATIONES
1184 935 1862 1000 PRAELATORUM

671 1108 1011 1154 REGNANTE
1071 1107 1435 1153 BENEDICTO
1496 1108 1587 1151 XII

144 1286 193 1317 Ex
217 1292 309 1317 ionio
337 1284 382 1317 VI
410 1285 543 1327 Regest.
571 1283 821 1325 Obliqalz'orzzcm
849 1282 1003 1314 Archivii
1025 1282 1145 1314 secreti
1169 1281 1357 1325 Apostolici
1383 1286 1547 1325 excerpto:
1572 1282 1638 1315 hic,
1663 1282 1811 1314 breviori
1832 1282 1971 1325 quidem
1990 1283 2111 1321 forma,

213 1764 333 1791 Deccmb.
351 1763 398 1790 20.

242 1809 270 1841 (Υ.
297 1808 366 1841 141).

149 2003 220 2034 Dies
239 1999 463 2042 obliqatiom's.

237 2109 300 2134 ‚lan⁴
322 2108 370 2133 31.

278 2945 405 2971 imunt).
427 2943 495 2970 XII.
514 2958 546 2961 —
565 2943 594 2969 T.
616 2943 648 2968 ll.

1031 1356 1216 1395 ponuntur.

1119 1683 1227 1711 Anno
1256 1683 1292 1711 M
1302 1682 1383 1711 CCC
1393 1682 1487 1710 XXX
1498 1682 1560 1710 IV.

584 1772 601 1791 «
627 1762 721 1791 Circa
743 1761 859 1791 horam
884 1761 1111 1799 vespertinam
1137 1760 1201 1790 fuit
1228 1769 1360 1790 sacrum
1379 1760 1566 1799 Collegium
1593 1760 1680 1789 dom.
1709 1760 1931 1790 cardinalium
1958 1761 2132 1799 provisum

545 1815 628 1844 SR.
649 1823 685 1844 ac
705 1814 897 1845 Universnli
916 1814 1072 1844 Ecclesiae
1091 1814 1131 1843 de
1148 1815 1294 1852 pastore,
1311 1813 1440 1843 scilicet
1456 1813 1495 1843 de
1510 1813 1542 1842 S.
1556 1813 1589 1843 S.
1609 1813 1705 1843 Patre
1722 1815 1753 1843 et
1768 1813 1912 1843 Domino
1930 1815 2058 1849 nostro,
2076 1815 2133 1853 qui

546 1868 748 1898 Benedictus
767 1867 833 1896 XII
849 1867 1049 1905 appellatur,
1070 1868 1100 1896 et
1119 1868 1194 1896 ante
1208 1866 1366 1896 dominus
1381 1865 1539 1900 Jacobus,
1560 1866 1649 1896 tituli
1667 1867 1698 1896 S.
1717 1866 1831 1896 Prisce
1847 1875 1898 1904 pr.
1921 1867 2009 1897 card.
2026 1866 2135 1898 fuerat

547 1920 750 1955 nominatus,
769 1923 799 1950 et
816 1920 851 1949 in
869 1920 1004 1949 civitate
1024 1919 1203 1950 Avinionis
1219 1919 1298 1949 dicti
1315 1919 1451 1949 Domini
1469 1918 1619 1957 provisio
1638 1919 1724 1949 facta
1740 1919 1813 1949 fuit.
1834 1928 1851 1947 »

1132 2027 1239 2055 Anno
1268 2027 1304 2054 M
1314 2026 1395 2055 000
1404 2026 1500 2055 XXX
1509 2026 1553 2055 V.

588 2108 684 2136 Anno
698 2106 835 2136 Domini
853 2105 1036 2135 millesimo
1048 2105 1285 2135 trecentesimo
1298 2105 1470 2135 tricesimo
1485 2105 1602 2143 quinto
1620 2114 1637 2134 a
1656 2105 1841 2135 Nativitate
1862 2105 2025 2144 ejusdem,
2038 2106 2137 2137 tertia

550 2159 743 2193 indictione,
778 2157 996 2188 Pontificatus
1030 2157 1242 2187 Sanctissimi
1273 2157 1308 2186 in
1343 2157 1476 2187 Christo
1511 2158 1623 2187 Patris
1655 2159 1686 2187 et
1710 2158 1848 2188 Domini
1872 2158 1981 2188 nostri
1999 2159 2136 2189 Domini

549 2211 746 2250 B[enedicti]
768 2211 883 2240 divina
899 2210 1111 2249 provfflentia
1124 2219 1208 2248 pape
1222 2210 1299 2245 XII,
1319 2219 1405 2240 anno
1424 2211 1545 2248 primo,
1565 2210 1617 2240 (lie
1637 2210 1757 2240 ultima
1776 2210 1936 2249 januarii,
1955 2211 2134 2249 Avinione,

549 2265 581 2294 in
600 2264 746 2302 hospitio
765 2263 955 2294 Reverendi
973 2263 1007 2292 in
1025 2262 1158 2293 Christo
1183 2263 1289 2301 patris
1313 2264 1410 2293 Doni,
1438 2263 1564 2301 P[etrij‚
1585 2263 1675 2293 tituli
1695 2263 1812 2293 Sancte
1832 2264 1994 2294 Praxedis
2010 2265 2137 2303 presbi-

549 2317 612 2347 teri
630 2317 823 2350 cardinalis,
842 2316 1000 2346 dominus
1016 2315 1137 2349 Petrus,
1163 2316 1289 2345 electus
1318 2315 1352 2345 in
1380 2316 1575 2354 episcopum
1601 2316 1783 2346 Nivernen.
1801 2316 1869 2355 <1)¹
1897 2317 2054 2355 promisit
2079 2326 2139 2356 pro

550 2379 610 2400 suo
638 2370 808 2400 communi
829 2369 968 2399 servitio
992 2377 1051 2407 per
1073 2369 1256 2398 discretum
1279 2368 1390 2398 virum
1408 2369 1607 2407 magistrum
1627 2368 1833 2407 Stephanum
1851 2370 1891 2400 de
1906 2370 2025 2405 Broco,
2044 2379 2138 2401 cano·

552 2424 663 2453 uicum
688 2423 854 2458 Anicien„
876 2423 1129 2460 procuratorem
1150 2430 1262 2455 suum,
1288 2421 1430 2451 II¹¹¹ssor.
1456 2422 1540 2457 auri,
1569 2423 1600 2451 et
1630 2421 1778 2460 quinque
1804 2423 1944 2453 servitia
1968 2426 2139 2460 consueta,

551 2476 774 2515 persolvenda
798 2487 803 2505 :
832 2475 1047 2505 medietatem
1068 2474 1103 2504 in
1128 2474 1214 2504 festo
1240 2474 1330 2504 beati
1356 2474 1488 2504 Andree
1516 2475 1673 2513 apostoli,
1700 2476 1733 2505 et
1755 2475 1857 2505 aliam
1880 2476 1915 2505 in
1942 2476 2028 2507 festo
2051 2475 2141 2507 beati

552 2529 726 2560 Michaelis
740 2529 779 2559 de
797 2537 912 2558 mense
929 2527 1130 2566 septembris
1143 2529 1264 2558 extunc
1274 2528 1430 2566 proxime
1449 2529 1628 2566 sequtur03
1642 2528 1790 2567 alioquin
1806 2528 1896 2559 infra
1910 2530 1980 2559 tres
1994 2538 2140 2566 menseS,

553 2585 628 2619 etc„
642 2582 807 2622 etjuravit
818 2583 854 2611 ut
868 2581 903 2611 in
918 2581 1035 2616 forma,
1050 2580 1197 2611 testibus
1207 2581 1423 2619 presentibus
1437 2581 1583 2611 dominis
1600 2581 1761 2611 Michaele
1776 2581 1989 2618 Ricomanni‚
2003 2583 2035 2612 et
2050 2582 2143 2613 Guil-

553 2636 658 2666 lermo
676 2635 810 2671 Medici,
828 2634 960 2665 clericis
984 2633 1118 2673 collegii
1131 2634 1153 2662 ².

586 2766 608 2789 ί.
628 2764 816 2789 Praelatorum
829 2770 891 2788 sese
906 2762 1094 2794 obligantium
1112 2763 1224 2787 litteras
1241 2763 1436 2793 provisionum
1458 2763 1586 2787 invenies
1606 2764 1732 2787 numeris
1755 2763 1878 2788 Bullarii
1898 2765 1990 2788 nostri
2011 2771 2082 2794 quos
2096 2765 2144 2789 hic

556 2812 698 2834 notamus.

587 2855 611 2878 2.
628 2853 719 2879 Simili
739 2853 829 2877 forma
851 2852 1018 2876 scribuntur
1036 2858 1132 2875 omnes
1153 2851 1357 2881 promissiones
1377 2851 1569 2882 praelatorum*
1594 2852 1652 2876 Nos
1676 2854 1770 2876 autem
1791 2851 1943 2876 brevitatis
1967 2859 2053 2876 causa
2069 2852 2141 2876 diem

558 2900 668 2922 tantum
688 2904 750 2922 eum
764 2896 876 2921 nomine
895 2902 1021 2927 personae
1037 2897 1064 2920 et
1080 2895 1218 2920 beneficii.
1233 2902 1341 2919 necnon
1357 2902 1496 2919 summam
1514 2896 1699 2920 servitiorum
1717 2903 1750 2920 ex
1766 2895 1826 2920 illis
1843 2895 2009 2920 retinemus.

1971 2941 2005 2966 54
