2376 3334
212 262 370 292 izENED.
396 262 459 291 XII
482 279 519 282 —
542 261 599 290 DE
623 260 779 290 Fitutz'r.
806 259 958 289 BENEF.
980 259 1024 288 IN
1049 258 1267 288 Alistssx'rm
1292 257 1611 288 PERfflPHzNDIs.
1631 273 1666 276 —
1687 257 1794 286 ANNI
1820 257 1861 285 [Y
1886 257 2005 293 (1338)
2076 260 2115 286 63

134 349 235 375 Datum
261 344 440 377 :iventone-

221 1351 254 1376 ts
270 1354 352 1377 mart.

171 1394 221 1429 (xv
243 1394 300 1420 kal.
321 1395 395 1428 apr.)

207 1439 236 1465 T.
254 1439 285 1470 Χ,
303 1439 359 1464 ΧΗ.

171 1774 207 1800 12
225 1777 265 1806 (1v
282 1774 401 1805 idlficl.

155 1818 184 1843 T.
205 1818 262 1849 xli,
282 1817 360 1847 x1V;
376 1818 422 1844 Gr.

199 2037 234 2063 15
248 2037 378 2071 (id.)j1cl.

208 2081 237 2106 T.
260 2081 290 2113 X,
309 2081 366 2106 xli.

240 2455 274 2481 18
291 2457 341 2481 oct.

181 2499 228 2532 (xv
245 2498 303 2524 kal.
319 2500 396 2530 nov.)

209 2543 238 2568 T.
260 2543 292 2573 X,
310 2543 366 2569 xil.

166 2719 185 2745 6
201 2719 266 2752 (vm
287 2719 338 2751 id.)
354 2726 415 2745 nov.

210 2763 240 2788 T.
258 2763 291 2796 X,
311 2763 367 2789 ΧΗ,

1036 553 1434 617 BENEDICTI
1490 554 1597 617 XII

562 713 890 766 LITTERAE
936 713 1027 765 DE
1076 711 1480 766 FRUCTIBUS
1528 711 2081 765 BENEFICIORUM

804 845 874 899 IN
924 845 1279 898 ABSENTIA
1326 844 1837 897 PERCIPIENDIS

1123 1004 1254 1040 ANNI
1291 1004 1342 1039 iv
1375 1004 1518 1052 (1338)

572 1341 682 1370 5817.
704 1362 739 1365 -
759 1343 848 1372 Petro
876 1342 1025 1376 Germa-ii,
1052 1352 1117 1372 ran.
1149 1342 1316 1378 rium-iem,
1334 1342 1442 1380 Aliost.
1467 1341 1538 1370 Sed.
1563 1342 1683 1374 mans-io,
1704 1341 1830 1380 indulg.
1856 1344 1891 1372 ut
1910 1342 2069 1380 quamdiu
2090 1343 2122 1371 in

529 1396 742 1435 expeditione
762 1396 972 1434 negotiorum
990 1396 1055 1434 ipsi
1073 1395 1332 1425 commissorum
1353 1395 1391 1424 P.
1410 1395 1446 1424 P.
1465 1397 1495 1425 et
1510 1394 1547 1424 E.
1566 1395 1606 1424 P..
1631 1394 1803 1433 obsequiis
1823 1394 1969 1430 insistet,
1994 1395 2121 1425 fructus

529 1450 680 1479 omnium
696 1449 806 1479 benef.
825 1457 962 1478 suorum
981 1449 1014 1478 in
1035 1448 1188 1478 absentia
1204 1448 1376 1486 percipere
1394 1447 1514 1482 valeat,
1532 1447 1665 1477 etiamsi
1681 1447 1875 1485 dignitates,
1895 1448 1947 1477 vel
1967 1456 2122 1486 persona-

529 1505 595 1538 tus,
614 1504 671 1532 aut
687 1502 797 1532 officia
814 1502 973 1537 existant,
990 1503 1021 1531 et
1037 1510 1151 1531 curam
1167 1500 1311 1530 habeant
1325 1500 1525 1533 animarum,
1544 1500 1724 1530 dummodo
1738 1500 1918 1538 dignitates
1931 1500 2123 1539 hujusmodi

530 1556 563 1585 in
585 1555 835 1585 cathedralibus
863 1557 937 1593 post
965 1554 1174 1593 episcopales
1200 1554 1357 1592 majores,
1381 1555 1437 1583 aut
1460 1553 1493 1582 in
1518 1553 1706 1591 collegiatis
1729 1553 1808 1583 eccl.
1835 1553 2040 1591 principales
2058 1562 2123 1583 non

530 1609 689 1645 existant,
708 1610 739 1639 et
756 1608 883 1638 eisdem
901 1607 1009 1638 benef.
1030 1617 1087 1646 per
1102 1607 1311 1637 sufficientes
1325 1606 1468 1636 vicarios
1483 1606 1693 1636 deserviatur
1706 1606 1921 1636 laudabiliter
1936 1607 1969 1635 in
1986 1607 2121 1636 divinis.

529 1678 566 1682 —
591 1662 628 1692 In
647 1670 675 1691 e.
694 1670 736 1691 m.
755 1661 916 1697 Casaedei‚
937 1661 1186 1691 Claromonten.
1205 1660 1262 1695 cli„
1287 1661 1318 1689 et
1342 1668 1368 1688 s.
1396 1659 1569 1689 Saturnini
1588 1659 1745 1689 Tolosan.
1766 1660 1909 1689 monast.
1932 1659 2122 1694 abbatibus,

530 1723 567 1744 ac
584 1723 685 1752 praep.
707 1714 966 1751 Narbonen.(21.
985 1714 1034 1748 85,
1057 1713 1078 1742 f.
1102 1715 1174 1747 1743
1200 1712 1231 1741 V.
1254 1714 1322 1747 1⁶26,
1341 1721 1373 1741 n.
1394 1713 1447 1748 543
1466 1713 1532 1747 133,
1552 1720 1584 1741 n.
1602 1713 1673 1747 459,
1689 1713 1773 1749 460.)

575 1764 685 1795 5818.
710 1784 747 1788 -
769 1766 869 1803 Gotfo,
890 1766 1076 1805 patrias-clm
1101 1765 1451 1804 Constantinopolitano,
1481 1765 1522 1794 ad
1543 1766 1655 1802 partes
1679 1764 1802 1794 Siciliae
1826 1773 1885 1802 pro
1909 1765 1997 1794 Eccl.
2024 1764 2120 1794 Rom.

531 1820 674 1859 negotiis
691 1820 869 1855 destinato,
889 1819 1015 1857 indulg.
1035 1821 1068 1848 ut
1085 1819 1210 1854 clerici,
1226 1827 1310 1856 cap,
1330 1817 1449 1852 famil„
1461 1817 1649 1852 domestici,
1667 1820 1697 1847 et
1714 1817 1862 1847 continui
1880 1817 2123 1847 commensales

531 1873 653 1911 ipsius,
671 1873 790 1908 eundo⁷
810 1872 970 1902 morando
989 1874 1019 1901 et
1037 1872 1205 1901 redeundo
1220 1871 1393 1909 obsequiis
1409 1871 1605 1900 insistentes
1624 1879 1730 1908 usque
1747 1871 1787 1900 ad
1802 1869 1975 1899 biennium
1994 1869 2123 1899 fructus

530 1926 639 1956 benef.
654 1934 790 1955 suorum
807 1925 933 1963 absque
950 1924 1133 1954 residentia
1148 1925 1320 1962 percipere
1338 1924 1480 1953 valeant.
1496 1941 1532 1944 -
1549 1923 1587 1952 ΙΠ
1602 1932 1628 1952 e.
1649 1923 1873 1961 111.archiep.o
1888 1922 2124 1961 Neapolitano,

531 1981 562 2009 et
580 1979 786 2009 Avenionen.
809 1987 845 2007 ac
862 1979 1025 2008 Aversan.
1046 1978 1143 2016 epis.
1163 1978 1213 2015 (A.
1230 1978 1279 2011 8.)
1300 1976 1320 2006 f.
1337 1978 1414 2011 271;
1441 1976 1471 2005 V.
1494 1978 1559 2011 126,
1578 1985 1608 2005 Π.
1623 1975 1706 2011 215.)

575 2029 686 2060 5819.
707 2050 744 2054 —-
768 2031 860 2060 Petro
885 2031 1056 2066 Laurentii,
1082 2041 1147 2060 can.
1168 2029 1358 2064 Atrebatem,
1376 2029 1502 2067 indulg.
1521 2031 1556 2058 ut
1577 2029 1737 2067 quamdiu
1759 2028 1846 2066 apud
1864 2028 1896 2058 S.
1916 2029 1978 2066 Ap.
1996 2028 2036 2057 ad
2054 2028 2124 2057 red-

531 2086 657 2115 dendas
683 2085 831 2115 Camerae
849 2085 955 2122 apost.
976 2084 1124 2113 rationes
1141 2084 1180 2114 de
1205 2083 1347 2121 receptis
1368 2084 1399 2112 et
1421 2082 1667 2111 administratis
1682 2089 1740 2119 per
1759 2081 1871 2119 ipsum
1892 2082 2042 2118 tempore
2061 2089 2125 2119 quo

531 2136 564 2165 in
583 2135 767 2174 provinciis
785 2135 976 2173 Campaniae
995 2134 1240 2172 Maritimaeque
1261 2133 1478 2163 thesaurariae
1499 2133 1604 2170 gessit
1628 2132 1788 2165 osticium,
1808 2131 1860 2161 vel
1884 2131 1961 2161 aliis
1980 2131 2018 2160 Ρ.
2038 2131 2074 2160 Ρ.
2094 2131 2126 2160 et

530 2190 568 2219 E.
592 2189 633 2218 R.
661 2188 805 2227 negotiis
827 2187 1001 2221 residebit,
1025 2187 1152 2216 fructus
1175 2186 1283 2216 benef.
1310 2194 1459 2221 suorum,
1483 2185 1617 2215 etiamsi
1639 2185 1832 2223 dignitates,
1860 2192 1961 2222 pers„
1987 2184 2042 2213 aut
2069 2183 2123 2213 off.

532 2242 691 2274 existant,
708 2242 740 2270 et
760 2249 874 2270 curam
888 2240 1032 2270 habeant
1050 2240 1251 2275 animarum,
1272 2239 1397 2277 absque
1416 2238 1599 2268 residentia
1617 2238 1788 2276 percipere
1805 2237 1928 2271 valeatg
1945 2236 2125 2266 dummodo

532 2295 712 2333 dignitates
738 2294 771 2323 in
790 2292 1039 2323 cathedralibus
1056 2295 1133 2331 post
1159 2292 1369 2330 episcopales
1392 2291 1536 2329 majores
1555 2293 1611 2320 aut
1630 2291 1663 2320 in
1683 2290 1801 2328 colleg.
1825 2290 1904 2320 eccl.
1923 2289 2127 2328 principales

531 2356 597 2378 non
614 2348 769 2377 existant.
789 2364 825 2367 —-
839 2347 877 2376 ΙΠ
894 2355 921 2376 e.
942 2355 984 2375 m.
1004 2346 1171 2383 archiep.0
1190 2345 1416 2380 Ebredunen„
1436 2346 1467 2374 et
1493 2344 1618 2374 archid.
1639 2344 1678 2373 de
1696 2343 1860 2373 Tornasio
1879 2343 2067 2378 Caturcen.‚
2091 2349 2128 2370 ac

531 2401 630 2430 Petro
646 2400 685 2429 de
702 2400 842 2436 Artisio,
864 2408 934 2429 can.
953 2399 1124 2428 Mimaten.
1148 2398 1199 2435 (Α.
1216 2399 1266 2433 85,
1284 2398 1304 2427 f.
1324 2399 1397 2433 2813
1422 2396 1454 2427 V.
1476 2399 1543 2430 126,
1562 2406 1593 2426 Π.
1610 2398 1682 2430 2333
1702 2398 1770 2431 133,
1788 2405 1819 2425 Π.
1836 2397 1907 2430 463,
1927 2395 2012 2433 464.)

575 2450 684 2480 5820.
704 2471 740 2474 —
760 2452 899 2491 Rcmiqio
914 2451 949 2481 de
965 2462 988 2481 s.
1008 2451 1190 2490 Margarita,
1207 2460 1278 2481 can.
1296 2450 1509 2489 praebendato
1524 2450 1739 2486 Ambhmen„
1756 2450 1923 2480 Turonen.
1940 2450 1971 2478 et
1986 2447 2127 2483 Eduen,

532 2506 725 2544 indulgetur
741 2507 776 2535 ut
798 2506 925 2535 fructus
945 2504 1045 2543 prael).
1068 2513 1206 2534 suarum
1224 2504 1398 2542 integriter
1415 2504 1587 2542 percipere
1604 2503 1723 2541 possit,
1741 2502 1949 2541 quotidianis
1968 2500 2128 2530 distribu-

531 2558 680 2589 tionibus
704 2558 879 2588 dumtaxat
898 2558 1060 2596 exceptis,
1086 2566 1121 2587 ae
1140 2557 1169 2586 si
1190 2557 1222 2586 in
1240 2557 1340 2586 dictis
1357 2556 1436 2586 eccl.
1459 2556 1603 2594 primam
1627 2555 1846 2585 residentiam
1868 2554 2015 2584 fecisset.
2035 2570 2073 2575 —
2090 2552 2127 2582 In

531 2620 559 2641 e.
578 2621 622 2641 ni.
641 2620 667 2639 s.
684 2611 862 2642 Genovefae
879 2611 1058 2646 Parisien.,
1075 2612 1148 2640 ets.
1164 2609 1301 2640 Martini
1317 2610 1355 2639 ad
1370 2609 1542 2639 Gemellos
1560 2608 1761 2639 Ambianen.
1777 2607 1966 2642 abbatibus,
1981 2615 2016 2636 ac
2029 2606 2127 2635 Petro

531 2665 706 2699 Barreriae‚
725 2673 796 2694 can.
813 2663 980 2693 Parisien.
999 2664 1053 2702 (A.
1072 2664 1122 2696 85,
1143 2663 1164 2692 f.
1182 2664 1240 2693 370
1258 2667 1305 2697 νῦ,
1330 2661 1361 2691 V.
1382 2664 1449 2699 126,
1475 2671 1506 2691 Π.
1525 2662 1608 2698 387.)

576 2715 685 2746 5821.
706 2735 742 2739 —
763 2717 851 2746 Petro
867 2716 1038 2751 Laurentii,
1060 2726 1125 2745 can.
1145 2715 1337 2751 Atrebate11.,
1356 2715 1514 2745 altarario
1532 2714 1630 2744 basil.
1651 2713 1820 2751 Principis
1839 2712 1947 2751 apost.
1967 2711 2006 2740 de
2026 2709 2126 2744 Urbe,

532 2771 725 2809 indulgetur
742 2771 778 2800 ut
797 2769 926 2799 tamdiu
945 2770 979 2799 in
996 2769 1149 2799 absentia
1168 2769 1275 2807 possit
1296 2768 1468 2806 percipere
1490 2767 1619 2797 fructus
1635 2766 1773 2796 benefic.
1797 2773 1948 2798 suorum,
1966 2762 2126 2801 quamdiu

532 2824 566 2853 in
584 2823 722 2853 servitio
749 2824 856 2860 apost.
878 2822 980 2852 fuerit
998 2822 1213 2852 constitutus.
1232 2840 1269 2843 —
1286 2821 1324 2850 In
1347 2830 1374 2850 e.
1394 2829 1439 2850 m.
1457 2820 1626 2858 archiep.o
1648 2819 1873 2852 Ebredunen„
1892 2818 1923 2846 et
1942 2815 2065 2845 archid.
2088 2814 2128 2844 de

533 2876 696 2907 Tornesio
726 2875 918 2910 Catureen„
946 2883 982 2905 ac
1007 2875 1106 2904 Petro
1129 2875 1169 2904 de
1189 2874 1328 2907 Artisio,
1353 2882 1425 2903 can.
1448 2873 1621 2902 Mimaten.
1645 2872 1695 2907 (A.
1720 2872 1769 2906 52,
1792 2870 1814 2899 f.
1842 2871 1900 2899 235
1919 2873 1971 2903 νος
2001 2867 2032 2897 V.
2058 2867 2125 2899 125,

533 2938 565 2959 n.
584 2931 659 2964 3743
679 2930 746 2965 133,
766 2937 797 2958 n.
816 2930 886 2965 461,
903 2929 980 2963 4623
999 2928 1040 2957 ci'.
1059 2936 1090 2957 n.
1108 2928 1211 2964 5819.)
