2376 3334
150 336 251 362 Datum
276 332 458 362 Avenzone.

184 597 215 622 ΙΙ
234 596 262 629 (v
279 595 328 626 id.)
346 598 426 620 mart.

209 912 221 938 1
240 912 324 947 (kal.)
338 920 400 946 apr.

250 1124 284 1151 17
300 1133 362 1159 αρν.

186 1172 236 1204 (xv
253 1169 310 1195 kal.
329 1168 423 1201 maii.)

265 1444 300 1470 Ut
315 1452 338 1470 s.

245 1708 285 1734 24
302 1716 364 1743 apr.

176 1752 242 1787 (vm
260 1753 317 1780 kal.
336 1753 431 1788 maii.)

172 2132 190 2159 6
206 2133 239 2168 (11
260 2135 341 2166 non.)
357 2133 433 2177 maji.

236 2448 276 2476 23
292 2450 369 2477 maii.

208 2494 237 2526 (x
252 2493 311 2520 kal.
325 2493 401 2529 jun.)

538 244 697 274 RENED.
724 244 786 273 XII
810 260 847 264 —
870 243 1074 272 Ll'l’Tlsst-:AE
1101 243 1157 272 DE
1181 243 1383 274 (1UP.1A.—
1403 244 1511 273 ANNI
1536 244 1580 273 VI
1604 243 1724 281 (1340)
2082 246 2140 275 295

548 434 693 463 termino
712 442 823 463 coram
841 433 928 462 dicto
950 441 1026 471 rege
1046 434 1205 470 tanquam
1223 433 1360 470 Imperii
1378 433 1503 462 vicario
1518 435 1736 471 compareret.
1760 450 1794 454 —-
1814 434 1851 463 In
1867 442 1894 463 e.
1915 442 1958 463 m.
1978 433 2053 463 abb.
2073 443 2137 464 mo-

548 488 635 516 nast.
655 495 681 517 3.
700 485 887 524 Sepulchri,
905 486 936 515 et
954 494 1055 523 praep.
1084 493 1109 514 s.
1129 485 1320 523 Gaugerici,
1338 495 1374 515 ac
1390 485 1513 515 archid.
1532 486 1672 523 maJ'oris
1688 486 1902 516 Cameracen.
1921 487 2000 516 6661.
2020 487 2070 525 (A.
2087 489 2137 522 54,

550 540 570 569 s.
591 541 629 569 24
644 543 697 573 v03
723 538 754 567 1¹.
778 540 841 575 128,
861 547 892 568 11.
915 540 947 567 -11
968 538 1003 567 de
1018 547 1104 572 cuin,
1124 537 1165 567 61.
1187 547 1218 567 11.
1237 540 1333 573 8892,
1355 539 1497 574 Riezler,
1514 547 1545 568 n.
1570 540 1666 573 2071;
1686 539 1843 575 Daumet,
1863 548 1894 569 n.
1915 541 2071 578 704-705.)

593 589 701 619 8233.
725 608 760 612 -—
786 591 953 630 Archiepfl
979 589 1195 630 Neapolitan„
1224 591 1334 620 mand.
1359 593 1394 621 ut
1418 591 1597 629 quemdam
1616 593 1813 628 Armenum,
1831 594 1985 622 vocatum
2001 593 2138 622 fratrem

549 645 802 683 Apostolorum,
826 646 893 683 qui,
921 644 999 674 licet
1027 652 1092 673 non
1117 644 1299 673 secundum
1319 644 1461 673 sormam
1480 644 1638 674 Ecclesiae
1657 644 1859 683 baptizatus,
1877 654 1912 675 se
1934 646 2141 684 archiep.um

548 698 774 736 Nicopolitan.
805 697 972 727 nominari
1003 696 1093 731 facit,
1122 697 1156 726 in
1177 696 1267 726 civit.
1287 697 1497 735 Neapolitan.
1518 697 1642 727 latinos
1660 698 1801 728 clericos
1820 699 1963 732 ordinat,
1981 699 2142 729 ecclesias

549 752 580 780 61
600 751 720 780 altaria
733 751 916 780 latinorum
930 751 1114 784 consecrat,
1134 751 1165 779 et
1183 749 1356 779 nonnullis
1373 750 1545 780 erroribus
1563 750 1686 780 dicitur
1701 759 1774 781 esse
1793 760 1980 789 respersus,
2002 753 2074 791 capi
2092 752 2140 782 fa-

549 803 625 838 ciat,
642 805 674 833 et
691 803 753 833 sub
769 803 835 833 sida
848 803 1002 833 custodia
1020 803 1061 832 ad
1075 804 1173 833 Rom.
1194 803 1322 832 curiam
1339 803 1507 832 destinare
1520 805 1688 841 procuret.
1708 804 1759 842 (A.
1779 806 1829 839 54,
1849 805 1871 833 1.
1889 806 1926 834 22
1944 810 1992 839 v03
2016 805 2049 835 V.
2069 807 2140 841 128,

550 865 581 887 n.
599 858 617 886 6
631 856 666 885 (le
685 858 761 893 car.)

594 906 703 937 8234.
723 927 759 931 -
775 909 919 939 Securus
938 909 1122 939 conductus
1141 917 1200 946 pro
1222 908 1395 938 nonnullis
1410 909 1538 938 nuntiis
1556 917 1615 947 per
1635 909 1842 939 Ludovicum
1862 910 1901 939 de
1921 911 2062 941 Bavaria
2080 920 2140 950 pro

549 963 682 1001 negotio
696 962 981 992 reconciliationis
998 971 1065 991 suae
1078 963 1110 992 et
1124 970 1183 1000 per
1195 962 1359 1000 quosdam
1375 962 1545 1000 principes
1559 962 1769 992 Alamannize
1786 963 1828 992 ad
1840 963 1877 992 P.
1892 963 1929 992 P.
1944 963 2140 1001 destinatis;

549 1015 773 1053 praesentibus
802 1017 878 1054 post
905 1015 1054 1054 quinque
1083 1023 1217 1044 menses
1234 1013 1373 1044 minime
1391 1014 1557 1044 valituris.
1573 1016 1625 1054 (A.
1643 1016 1691 1050 54,
1713 1015 1734 1044 1.
1753 1017 1790 1044 22
1808 1020 1857 1051 νο,
1883 1016 1917 1045 V.
1941 1018 2005 1052 128,
2026 1025 2057 1046 n.
2077 1019 2093 1046 7
2108 1018 2142 1046 tle

550 1070 625 1103 cler.)

593 1118 702 1149 8235.
722 1139 760 1143 —
780 1121 932 1151 Riclzardo
946 1121 982 1151 de
995 1121 1101 1150 Multis
1117 1120 1271 1157 Denariis,
1287 1119 1322 1149 dc
1338 1120 1497 1156 Cremona,
1511 1121 1676 1160 jurisper„
1696 1125 1723 1150 et
1737 1120 1908 1150 Pcrcivallo
1928 1121 1963 1150 dc
1976 1122 2140 1161 Berssamo,

548 1175 688 1204 servienti
701 1175 738 1205 P.
758 1174 793 1205 P.
809 1184 972 1210 armorum,
988 1174 1099 1204 mand.
1117 1175 1153 1203 ut
1169 1174 1341 1212 inquirant
1356 1175 1471 1203 contra
1487 1174 1652 1212 quosdam
1670 1174 1868 1212 perditionis
1885 1175 1974 1204 filios
1990 1176 2047 1213 qui
2065 1176 2140 1206 nob.

547 1228 741 1259 Nicolinum
769 1228 808 1258 de
834 1228 957 1263 Flisco,
981 1228 1020 1258 de
1037 1228 1158 1262 Janua,
1181 1227 1214 1256 in
1237 1228 1334 1257 Rom.
1352 1226 1453 1256 Curia
1469 1227 1503 1256 in
1518 1227 1603 1257 lecto
1621 1227 1862 1265 quiescentem,
1881 1236 1917 1257 ac
1934 1228 2064 1258 nobiles
2080 1230 2141 1259 (ja.

547 1281 700 1315 brielem,
719 1281 792 1320 ejus
810 1281 930 1314 filium,
956 1282 988 1311 61
1012 1280 1182 1310 Andream
1200 1281 1239 1310 de
1262 1281 1382 1315 Janua,
1401 1280 1628 1314 domicellum,
1655 1280 1727 1318 ejus
1750 1280 1963 1315 familiarem,
1981 1284 2142 1319 ceperunt

548 1336 579 1365 et
610 1337 706 1364 extra
730 1335 853 1364 dictam
879 1334 1015 1364 Curiam
1046 1334 1197 1372 captivos
1221 1333 1402 1363 duxerunt.
1428 1334 1478 1370 (A.
1497 1334 1545 1369 54,
1570 1333 1591 1362 f.
1607 1334 1664 1369 :233
1687 1333 1721 1364 V.
1741 1334 1809 1367 128,
1826 1335 1888 1363 11.8
1906 1333 1941 1363 de
1961 1344 2052 1365 ειιι-,ς
2075 1337 2141 1370 135,

548 1388 569 1417 1.
589 1389 627 1418 25
644 1392 688 1423 v0,
708 1396 740 1417 n.
759 1389 811 1422 763
832 1387 873 1417 61.
895 1396 927 1417 11.
948 1389 1038 1424 8236,
1057 1387 1146 1422 8238,
1164 1387 1254 1420 8240,
1273 1388 1362 1419 8250,
1377 1387 1471 1422 8293;
1491 1387 1648 1419 Daumet,
1668 1395 1700 1415 n.
1721 1387 1804 1425 716.)

593 1440 602 1449 “
625 1438 735 1468 8236.
756 1458 793 1462 —
824 1440 1001 1478 Bonifnct'o,
1027 1450 1092 1479 θμο
1110 1440 1274 1474 iuuentem,
1302 1444 1329 1468 ct
1349 1440 1503 1478 maqistris
1519 1438 1663 1478 Philippo
1685 1438 1720 1468 de
1746 1439 1880 1475 Ancilla,
1898 1441 2036 1479 prioris.
2053 1441 2144 1470 Pecs-i

547 1493 708 1523 Scheradii
729 1493 916 1530 Florentia„
940 1504 974 1522 (16
998 1492 1137 1523 Carbono
1161 1493 1197 1522 de
1219 1493 1323 1522 Monte.
1337 1493 1472 1532 Lupone,
1494 1492 1635 1521 scholast.
1660 1492 1807 1531 Aprilem,
1838 1492 1875 1521 P.
1905 1493 1940 1522 P.
1964 1494 2142 1533 capellanis,

547 1547 649 1577 mand
666 1548 701 1577 ut
722 1547 823 1577 etiam
842 1547 1014 1585 inquirant
1030 1548 1145 1576 contra
1166 1546 1322 1584 praefates
1343 1545 1541 1584 culpabiles,
1562 1546 1613 1583 (A.
1632 1547 1682 1579 54,
1703 1545 1724 1575 f.
1744 1547 1782 1576 23
1801 1550 1855 1580 v⁰;
1881 1545 1912 1576 V.
1931 1548 1998 1583 128,
2021 1556 2052 1577 n.
2071 1550 2089 1578 9
2106 1548 2143 1577 de

548 1610 629 1637 cmx,
655 1600 751 1636 135,1.
772 1602 821 1634 24,
839 1609 870 1630 11.
891 1602 947 1634 75,
975 1600 1105 1629 Baluzii
1129 1599 1189 1629 Vit.
1208 1599 1286 1638 Pap.
1302 1599 1374 1633 Aa,
1390 1599 1431 1634 II,
1450 1599 1512 1628 601.
1527 1600 1604 1633 5953
1621 1599 1777 1635 Daumet,
1796 1607 1826 1629 n.
1845 1601 1917 1634 715,
1936 1600 1977 1629 61.
1998 1609 2029 1629 11.
2051 1602 2142 1638 8235,

548 1655 637 1689 8240,
658 1655 748 1689 8250,
768 1654 875 1692 8293.)

593 1704 703 1734 8237.
733 1723 770 1726 -
792 1706 878 1745 Epo
896 1705 1053 1741 Tamion„
1074 1705 1186 1734 mand.
1215 1705 1249 1733 ut
1265 1704 1415 1742 inquirat
1431 1706 1463 1734 et
1482 1704 1605 1734 referat
1621 1713 1721 1742 super
1740 1705 1831 1734 statu
1848 1705 1927 1735 6661.
1947 1706 2140 1742 Lectoren.;

548 1769 625 1790 nam
642 1759 860 1796 Guillelmus,
882 1758 1073 1796 archiepus
1089 1757 1264 1792 Auxitan.,
1284 1757 1317 1786 in
1339 1765 1399 1786 suo
1422 1757 1532 1787 officio
1550 1757 1757 1787 visitationis
1777 1758 1864 1788 inter
1881 1760 1999 1788 caetera
2018 1760 2143 1797 reperit

549 1813 639 1852 quod
658 1813 736 1842 licet.
751 1822 798 1842 xii
818 1812 969 1842 canonici
994 1820 1067 1841 esse
1085 1810 1228 1840 debeant
1245 1810 1278 1840 in
1299 1810 1387 1839 dicta
1404 1810 1497 1845 eccl.,
1515 1810 1644 1840 scilicet
1661 1819 1691 1839 iv
1708 1810 1916 1847 subdiaconi,
1945 1821 1976 1840 iv
1996 1812 2141 1847 diaconi,

548 1868 580 1897 et
598 1875 629 1895 ιν
645 1866 848 1901 sacerdotes,
866 1875 887 1894 11
901 1866 1031 1894 tantum
1047 1864 1173 1893 ibidem
1189 1863 1348 1899 resident,
1364 1871 1506 1901 quorum
1516 1872 1604 1893 unus
1616 1863 1649 1893 in
1663 1863 1850 1893 sacerdotio
1863 1865 1913 1894 est
1926 1865 2142 1902 constitutus,

547 1921 579 1949 et
602 1920 683 1949 adeo
713 1919 806 1957 gravi
827 1918 1023 1947 infirmitate
1047 1917 1203 1946 detentus
1222 1918 1258 1946 ut
1284 1916 1318 1945 in
1346 1915 1439 1945 horis
1461 1918 1560 1953 atque
1588 1916 1705 1946 missis
1731 1925 1806 1946 raro
1827 1918 1936 1954 potest
1953 1917 2142 1954 deservire3

548 1973 606 2002 alii
625 1974 749 2007 autem,
774 1971 919 2009 receptis
938 1969 1194 2009 praebendarum
1214 1968 1392 2005 fructibus,
1411 1977 1446 1998 se
1463 1969 1651 2005 absentant,
1670 1978 1729 1999 nec
1746 1970 1960 2000 revertuntur
1975 1971 2041 2000 nisi
2058 1972 2143 2001 tem-

547 2034 627 2064 pore
644 2024 893 2055 recollectionis
908 2024 1090 2059 fructuum,
1111 2022 1318 2052 dimittentes
1339 2022 1372 2051 in
1389 2022 1468 2051 eccl.
1489 2022 1633 2052 vicarios
1651 2022 1801 2058 inutiles,
1822 2023 1880 2060 qui
1899 2032 1959 2053 1166
1982 2024 2141 2058 resident,

547 2087 607 2108 nec
622 2078 749 2108 divinis
768 2077 942 2115 obsequiis
961 2077 1136 2110 insistunt,
1155 2077 1217 2105 616.
1239 2075 1290 2111 (V.
1313 2076 1380 2111 128,
1402 2083 1434 2104 11.
1452 2076 1491 2105 30
1508 2075 1544 2104 de
1558 2077 1635 2111 cur.)

591 2128 701 2159 8238.
719 2149 755 2152 —
772 2130 949 2168 Bonifaciu,
964 2140 1031 2169 67).ss
1048 2129 1213 2165 Mutinen„
1232 2133 1258 2157 el
1274 2138 1353 2167 [naq.
1375 2127 1520 2167 Philippo
1536 2128 1571 2157 de
1591 2127 1727 2162 Ancilla,
1746 2129 1846 2167 priori
1868 2139 1891 2159 s.
1914 2128 1999 2158 Petri
2015 2130 2144 2160 Schera·

547 2185 592 2214 dii
616 2184 804 2219 Florentin„
835 2193 869 2213 ac
896 2183 1035 2213 Carbone
1059 2182 1094 2211 de
1112 2181 1339 2221 Montelapone,
1359 2180 1500 2211 scholast.
1517 2181 1666 2221 Ispalen„
1685 2181 1763 2212 P.P.
1783 2181 1959 2221 capellanis,
1978 2184 2089 2213 mand.
2108 2185 2144 2214 ut

547 2239 663 2268 contra
683 2237 761 2267 illos
782 2245 866 2275 quos
884 2237 922 2266 de
936 2236 1081 2265 narratis
1098 2244 1130 2264 n.
1143 2236 1222 2265 8235
1239 2235 1426 2272 culpabiles
1438 2235 1491 2264 vel
1508 2236 1684 2272 suspectos
1703 2235 1871 2273 reperisse
1887 2235 2054 2271 dicuntur,
2075 2245 2144 2267 rea-

547 2291 624 2321 liter
644 2292 676 2320 et
688 2290 924 2329 personaliter,
942 2289 1025 2320 citra
1042 2290 1196 2322 mortem,
1218 2287 1361 2318 membri
1376 2287 1624 2317 mutilationem
1642 2289 1673 2317 et
1690 2288 1908 2318 traditionem
1925 2289 2025 2319 curiae
2039 2298 2143 2319 saecu-

547 2344 610 2374 lari
630 2343 809 2373 exhibeant
822 2343 965 2381 justiti-ee
983 2342 1279 2380 complementum.
1299 2341 1351 2378 (Α.
1370 2343 1419 2375 54,
1437 2341 1459 2370 1.
1479 2342 1533 2376 24,
1560 2340 1591 2370 V.
1606 2342 1674 2377 128,
1689 2350 1719 2370 11.
1736 2342 1772 2371 10
1783 2341 1818 2370 cle
1831 2350 1912 2377 σωκ,
1934 2343 2001 2377 135,
2018 2342 2042 2372 f.
2053 2344 2142 2378 25110,

547 2405 580 2428 n.
602 2399 655 2431 773
675 2397 717 2426 ct'.
735 2405 767 2426 n.
789 2397 878 2431 8235,
895 2397 986 2430 8236,
1007 2396 1096 2430 8240,
1116 2395 1206 2431 8250,
1227 2395 1326 2429 8293,
1350 2394 1506 2428 Daumet,
1526 2403 1558 2424 n.
1579 2394 1663 2432 718.)

592 2447 701 2477 8239.
727 2467 765 2471 -
788 2449 954 2488 ΑνεΙιίεμο
977 2448 1104 2482 Barea„
1131 2453 1156 2476 et
1182 2457 1250 2487 eps»
1267 2446 1448 2487 Rapollan„
1465 2447 1577 2476 mand.
1598 2448 1636 2477 ut
1653 2447 1826 2486 inquirant
1847 2449 1961 2478 contra
1978 2448 2142 2486 quosdam

548 2503 639 2533 cives
662 2503 870 2533 Bisinianen.
902 2504 934 2532 et
952 2502 1038 2532 alios
1059 2502 1211 2531 locorum
1226 2501 1416 2530 vicinorum
1435 2500 1504 2538 qui,
1523 2500 1576 2530 die
1595 2500 1764 2530 dominica
1787 2500 1876 2531 Infra
1893 2502 2043 2531 octavam
2063 2510 2144 2539 prze-

546 2556 653 2587 teritae
684 2555 880 2586 Nativitatis
908 2564 935 2585 3.
965 2554 1106 2585 ,loannis
1125 2554 1298 2592 Baptistae,
1327 2553 1466 2583 collecta
1488 2553 1706 2583 multitudine
1725 2555 1942 2589 armatorum,
1964 2554 2142 2584 ecclesiam

547 2609 756 2641 Bisinianen.
775 2608 850 2639 Sed.
866 2609 983 2647 Apost.
1004 2607 1198 2638 immediate
1213 2606 1411 2645 3111)]66111111,
1427 2615 1464 2636 116
1483 2606 1601 2636 (1011103
1618 2606 1827 2645 episcopales
1843 2607 1952 2637 eidem
1969 2607 2048 2637 eccl.
2066 2615 2142 2637 con-

544 2664 680 2701 junctas
697 2661 866 2692 hostiliter
883 2663 1087 2696 invaserunt,
1107 2661 1229 2699 Januas
1250 2660 1422 2699 fregerunt
1442 2661 1474 2689 et
1495 2659 1765 2696 combusserunt,
1784 2661 1967 2698 posteaque
1988 2660 2140 2698 evagina-

547 2716 591 2746 tis
609 2716 731 2754 gladiis
747 2715 911 2753 quosdam
939 2714 1125 2744 familiares
1138 2713 1309 2744 Frederici
1325 2713 1390 2751 ep.i
1404 2713 1438 2742 in
1462 2713 1534 2751 ejus
1564 2713 1744 2751 praesentia
1758 2713 1985 2748 trucidarunt3
1998 2713 2139 2742 dictum-

548 2777 611 2807 que
635 2777 747 2806 epum
772 2771 804 2798 61
822 2769 861 2798 20
889 2768 995 2797 famil.
1017 2767 1137 2806 ipsius,
1164 2767 1243 2796 cler.
1267 2768 1297 2796 et
1321 2766 1437 2801 laicos,
1458 2765 1609 2803 captivos
1628 2766 1796 2795 duxerunt
1813 2774 1919 2804 usque
1936 2765 1976 2795 ad
1997 2765 2140 2795 confinia

549 2821 707 2856 civitatis,
735 2821 791 2850 ubi
819 2821 932 2859 ipsum
957 2829 1070 2859 epum
1090 2822 1122 2850 et
1146 2828 1263 2850 omnes
1283 2819 1441 2857 przefatos
1465 2818 1651 2848 familiares
1671 2818 1907 2848 crudelissime
1928 2817 2137 2852 occiderunt;

548 2875 665 2912 postea
679 2883 756 2904 vero
771 2874 859 2904 dicto
874 2882 948 2912 ep.o
962 2883 979 2904 «
994 2874 1093 2911 caput
1107 2874 1138 2902 et
1152 2880 1273 2902 manus
1286 2871 1497 2902 horribiliter
1511 2872 1724 2909 amputantes
1740 2879 1853 2901 secum
1867 2870 1902 2900 in
1916 2870 2138 2900 ostentatione

549 2927 597 2957 sic
618 2927 774 2957 horrendi
797 2927 915 2962 flagitii
935 2926 1068 2964 publice
1087 2925 1325 2963 adsportarunt
1341 2933 1358 2953 »
1375 2924 1525 2954 omnium
1544 2923 1740 2961 corporibus
1760 2923 1943 2953 inhumatis
1963 2923 1996 2952 in
2015 2922 2139 2952 bestia-
