2376 3334
227 231 283 258 118

256 321 355 346 bulum
385 316 563 347 Avem'one.

297 422 331 448 12
348 430 386 453 ιιι·
407 422 456 453 id.)
475 425 526 448 oct.

371 738 399 763 U
422 747 442 763 s.

290 844 382 869 &1111
404 843 454 874 id.)
471 847 523 870 oct.

290 1527 323 1553 14
342 1528 373 1560 (ιι
392 1527 442 1561 id.)
463 1531 515 1553 oct.

360 1790 391 1816 Ui
411 1798 433 1815 s.

360 2106 395 2133 Ut
412 2114 435 2133 s.

361 2264 395 2290 Ut
412 2272 434 2290 s.

344 2632 379 2659 31
398 2635 450 2659 oct.

301 2678 332 2709 (ιι
344 2677 402 2703 kal.
414 2676 493 2710 nov.)

271 2737 287 2763 4
305 2744 336 2772 (ιι
358 2737 437 2768 non.)
459 2745 521 2764 nov.

643 228 799 258 HINED.
825 229 886 258 XII
909 247 947 251 —
965 230 1169 261 LITTERAE
1193 231 1252 261 DE
1275 230 1423 261 CURIA.
1442 248 1479 252 -
1497 230 1606 261 ANNI
1629 231 1674 261 IV
1698 231 1819 268 (1338)

693 415 802 447 (3422.
818 438 852 441 —
875 419 955 458 May.
977 419 1108 459 Gtciyorzi
1123 419 1157 449 de
1172 420 1331 455 Germano,
1355 420 1391 448 P.
1411 420 1446 449 Ρ.
1465 424 1539 455 not.‚
1561 420 1669 459 Aposl.
1688 419 1759 450 Sed.
1781 419 1899 455 nuntio,
1921 420 2032 449 mand.
2052 422 2087 450 ut
2106 422 2238 460 recepta

648 472 812 509 corporali
837 472 1054 510 possessione
1080 473 1238 508 civitatis,
1264 473 1444 502 comitatus
1471 474 1502 502 et
1529 472 1703 502 districtus
1722 472 1919 506 Bononien.,
1938 481 1974 502 ac
1989 473 2074 503 meri
2090 475 2122 503 et
2139 473 2238 504 mixti

648 523 793 562 imperii,
814 526 846 554 et
871 524 1070 554 omnimodae
1095 525 1344 563 „iurisdictionis
1368 527 1631 563 caeterorumque
1652 525 1779 563 jurium
1798 525 1838 554 ad
1861 525 1897 554 P.
1918 525 1955 554 P.
1976 526 2007 555 et
2026 526 2066 556 R.
2081 526 2118 555 E.
2137 526 2236 564 pleno

643 576 717 613 jure
739 577 974 615 spectantium,
1002 577 1200 607 auctoritate
1226 579 1332 616 apost.
1361 578 1518 607 concedat
1547 577 1659 607 omnia
1676 577 1846 615 postulata
1868 586 1927 615 per
1945 578 2123 615 syndicum
2140 578 2236 608 dictae

646 629 750 666 civit.,
778 630 961 659 secundum
988 630 1247 668 dispositionem
1266 630 1455 660 litterarum
1486 639 1558 668 (χιι-ευ
1576 630 1664 659 infra
1682 632 1726 666 (n.
1749 631 1839 665 6424)
1865 631 2047 668 ponuntur.
2075 631 2126 669 (A.
2146 632 2195 667 85,
2214 631 2235 661 f.

648 682 725 717 1363
748 681 782 710 V.
802 683 870 716 126,
889 691 920 711 n.
937 684 974 712 67
993 682 1027 711 de
1044 692 1128 717 cmx,
1147 683 1326 721 Raynaldi,
1346 691 1398 712 an.
1419 684 1505 718 1338,
1523 692 1554 712 n.
1575 684 1677 720 xxxi.)

690 731 798 761 6423.
818 753 854 756 -
884 734 1005 770 Eidem,
1022 735 1214 765 conceditur
1242 735 1382 765 facultas
1402 735 1584 773 recipiendi
1614 736 1748 765 nomine
1768 736 1804 765 P.
1822 736 1858 765 P.
1877 737 1909 765 et
1925 736 1962 766 E.
1984 736 2023 766 R.
2047 736 2236 774 possessio-

645 794 721 815 nem
737 787 922 824 praefatam.
941 789 991 825 (A.
1009 789 1058 823 85,
1077 788 1099 817 f.
1120 789 1175 817 137
1196 793 1242 822 Ψ,
1265 787 1295 816 V.
1317 789 1385 823 126,
1402 796 1433 816 n.
1452 789 1490 817 68
1508 787 1541 816 de
1555 797 1641 823 σιω-,3
1658 788 1814 824 Theiner,
1833 788 1904 817 Cod.
1921 787 2000 827 dipl.
2017 788 2060 823 ΙΙ,
2080 797 2112 827 p.
2132 790 2194 825 51.)

689 839 698 849 ”
717 836 825 867 6424.
845 858 876 861 —
899 839 950 869 Ad
969 845 1089 879 perpet.
1107 840 1161 879 rei.
1189 850 1274 870 mem.
1298 839 1544 870 Describuntur
1560 849 1740 878 processus
1764 840 1842 870 facti
1860 840 1976 870 contra
1990 841 2233 876 BononienseS,

645 892 675 921 et
694 894 933 922 enumerantur
947 893 1194 930 promissiones
1218 893 1257 922 ab
1285 892 1577 922 ambaxiatorilms
1593 893 1787 922 eorumdem
1802 893 1905 928 factae,
1923 901 1998 922 curn
2013 893 2234 923 ratificatione

644 944 806 982 ipsarum,
834 954 869 974 ac
891 945 1112 983 suspensione
1135 945 1305 974 interdicti
1323 944 1384 974 sub
1401 954 1466 983 quo
1488 953 1603 975 eorum
1620 945 1741 974 civitas
1760 945 1963 983 subjacebat,
1983 954 2023 975 ex
2042 954 2107 984 quo
2126 945 2233 984 ipsius

643 996 848 1027 habitatores
867 998 992 1027 dudum
1010 998 1244 1033 Bertrandum,
1263 1006 1375 1036 ep-um
1391 998 1535 1034 Ostien.‚
1550 999 1629 1027 tunc
1644 998 1676 1027 in
1694 997 1904 1028 Lombardiae
1916 999 1948 1028 et
1966 998 2139 1028 nonnullis
2157 998 2234 1028 aliis

642 1049 748 1079 Italiae
764 1049 917 1088 partibus
933 1051 1051 1088 Apost.
1065 1050 1138 1080 Sed.
1157 1050 1316 1089 legatum,
1338 1050 1371 1079 in
1390 1050 1478 1080 dicta
1493 1050 1584 1080 civit.
1604 1051 1788 1080 Bononien.
1805 1059 1880 1080 cum
1898 1059 1959 1080 sua
1976 1051 2068 1080 curia
2087 1051 2233 1081 residen-

643 1104 721 1138 tem,
740 1103 900 1141 dictaque
918 1103 1074 1138 civitatis,
1092 1104 1124 1132 et
1138 1103 1328 1138 comitatus,
1344 1103 1519 1139 territorii,
1537 1112 1574 1133 ac
1586 1103 1772 1139 districtus,
1785 1105 1816 1133 et
1828 1103 2107 1142 pertinentiarum
2126 1103 2233 1142 ipsius

643 1155 829 1185 dominium
858 1157 889 1185 et
915 1156 1187 1194 jurisdictionem
1213 1156 1400 1195 plenariam
1429 1156 1469 1185 ad
1487 1157 1527 1186 R.
1546 1156 1581 1186 E.
1600 1156 1804 1194 pertinentia
1834 1156 1874 1186 ab
1896 1157 2034 1195 antiquo
2057 1165 2117 1195 pro
2146 1156 2234 1186 dicta

643 1208 720 1238 eccl.
745 1208 986 1246 possidentem,
1012 1209 1045 1238 in
1063 1210 1170 1239 castro
1199 1208 1239 1238 ab
1255 1217 1293 1239 eo
1322 1210 1513 1239 constructo
1529 1217 1589 1247 pro
1609 1209 1725 1239 eadem
1742 1210 1781 1239 R.
1801 1209 1838 1239 E.
1860 1209 1948 1239 infra
1966 1209 2057 1239 civit.
2082 1209 2232 1239 eamdem

643 1262 839 1297 morantem,
858 1261 1027 1291 hostiliter
1043 1261 1258 1297 obsederunt,
1279 1262 1310 1291 et
1325 1261 1455 1291 tamdiu
1474 1262 1654 1291 tenuerunt
1668 1261 1858 1298 obsessum,
1875 1262 1991 1296 donec,
2005 1261 2093 1291 circa
2109 1261 2233 1292 officia-

642 1313 691 1343 les
719 1313 797 1343 eccl.
819 1314 963 1352 praefatae
981 1314 1150 1344 atrocibus
1178 1316 1210 1344 et
1235 1314 1390 1344 nefandis
1413 1314 1670 1344 crudelitatibus
1694 1315 1907 1353 perpetratis,
1932 1315 2021 1344 idem
2040 1314 2171 1353 legatus
2193 1315 2232 1345 de

643 1367 751 1395 castro
775 1367 807 1396 et
835 1367 968 1396 civitate
994 1367 1163 1405 praedictis
1189 1367 1251 1397 fuit
1274 1367 1367 1397 exire
1394 1367 1602 1406 compulsus.
1623 1368 1822 1397 Inseruntur
1842 1375 1958 1397 omnes
1987 1367 2232 1406 promissiones

642 1418 806 1456 praedietae
826 1419 912 1449 inter
938 1429 1021 1458 quas
1047 1421 1181 1450 notatur
1207 1420 1332 1450 solutio
1362 1420 1463 1449 annui
1488 1428 1609 1450 census
1628 1421 1721 1456 &000
1738 1420 1808 1450 flor.
1831 1421 1884 1459 (A.
1903 1421 1953 1454 85,
1971 1420 1992 1449 f.
2014 1421 2090 1455 1253
2112 1419 2145 1448 V.
2165 1421 2231 1456 126,

642 1480 672 1500 n.
690 1473 728 1501 66
740 1471 774 1500 de
791 1481 873 1508 ewa,
892 1472 1047 1507 Theiner,
1069 1473 1142 1502 Cod.
1165 1472 1241 1512 dipl.
1262 1473 1304 1507 ΙΙ,
1320 1481 1351 1511 p.
1369 1475 1430 1507 403
1447 1473 1626 1511 Raynaldi,
1645 1482 1696 1502 an.
1716 1474 1804 1508 1338,
1823 1482 1853 1502 n.
1873 1482 1957 1508 xxx,
1977 1473 2017 1503 cf.
2036 1482 2068 1502 n.
2091 1473 2202 1512 6472.)

686 1521 794 1551 6425.
812 1543 849 1546 —
866 1525 1050 1559 Communis,
1078 1526 1259 1554 universitas
1275 1530 1302 1554 ct
1316 1525 1453 1564 populus
1472 1526 1553 1554 civit.
1571 1525 1739 1555 Bononien.
1757 1526 1933 1556 hortantur
1948 1527 1984 1555 ut
2007 1534 2093 1564 mag.
2110 1526 2231 1565 Guigo-

641 1585 717 1606 nem
735 1577 773 1606 de
790 1578 910 1607 Sancto
928 1578 1106 1613 Germano,
1124 1579 1279 1609 nuntium
1305 1579 1345 1608 ad
1368 1579 1461 1617 ipsos
1479 1587 1537 1616 per
1554 1579 1590 1608 P.
1609 1579 1645 1608 P.
1665 1578 1883 1615 destinatum,
1903 1578 2045 1617 benigne
2069 1579 2232 1617 recipiant

640 1631 671 1659 et
704 1630 791 1659 circa
817 1631 1118 1668 adimplementurn
1146 1631 1412 1669 promissionum
1432 1631 1471 1661 ab
1491 1640 1605 1661 eorum
1625 1631 1912 1661 ambaxiatoribus
1938 1631 2102 1661 factarum
2125 1632 2231 1670 plenae

640 1681 837 1712 obedientiae
855 1685 886 1713 et
903 1684 1007 1713 avidxe
1034 1684 1216 1714 voluntatis
1244 1684 1429 1714 efficaciam
1448 1684 1637 1714 ostendant.
1660 1684 1712 1724 (Α,
1730 1686 1780 1720 85,
1799 1684 1820 1713 f.
1842 1686 1920 1720 1235
1952 1683 1984 1713 V.
2005 1686 2073 1721 126,
2089 1693 2120 1714 n.
2141 1686 2179 1715 62
2197 1684 2232 1714 de

639 1735 778 1770 cur-401⁴.
801 1744 831 1765 n.
849 1736 955 1774 6473.)
1414 1723 1434 1738 ⁴

683 1788 692 1797 ”
714 1784 823 1815 6426.
843 1806 878 1809 —
900 1788 1029 1828 Guiqoni
1045 1789 1079 1818 (le
1092 1788 1206 1818 Sancto
1223 1789 1381 1825 Germano,
1398 1790 1527 1825 nuntio,
1552 1789 1664 1819 mand.
1682 1791 1718 1819 ut
1736 1789 1832 1820 factis
1849 1789 2147 1829 recognitionibus,
2164 1798 2231 1820 res-

639 1841 854 1871 titutionibus
882 1843 914 1871 et
945 1841 1226 1872 ratificationibus
1252 1851 1311 1880 per
1336 1843 1566 1873 Bononienses
1591 1842 1766 1878 faciendis,
1793 1851 1897 1873 unum
1920 1843 1959 1873 de
1979 1842 2100 1880 tribus,
2121 1843 2178 1881 qui
2197 1842 2231 1872 in

638 1895 850 1931 potestatem,
880 1895 912 1924 et
938 1895 1081 1924 alterum
1104 1895 1143 1924 de
1171 1895 1249 1924 aliis
1274 1894 1395 1929 tribus,
1420 1895 1477 1934 qui
1495 1896 1529 1924 in
1550 1896 1774 1933 capitaneum,
1794 1904 1854 1934 per
1874 1895 2042 1934 eosjuxta
2059 1895 2230 1926 licentiam

639 1946 687 1976 eis
704 1956 722 1976 a
739 1947 863 1978 Pontis.
883 1956 1077 1978 concessam
1102 1948 1229 1978 fuerint
1256 1949 1420 1978 nominati
1443 1948 1503 1978 hac
1526 1949 1597 1978 vice
1621 1949 1781 1987 deputare
1806 1949 1963 1987 procuret
1983 1957 2090 1987 usque
2110 1949 2152 1978 ad
2172 1957 2231 1979 sex

639 2000 806 2029 mensium
827 2001 975 2038 spatium
993 2002 1023 2030 et
1039 2000 1078 2030 ab
1096 2001 1144 2031 eis
1161 2001 1335 2031 fidelitatis
1348 2001 1578 2040 juramentum
1602 2001 1752 2040 recipiat.
1774 2001 1826 2040 (A.
1848 2002 1898 2036 85,
1920 2002 1940 2030 f.
1965 2003 2021 2031 123
2037 2007 2082 2037 νο,
2109 2001 2141 2030 V.
2163 2003 2230 2038 126,

639 2060 669 2081 n.
689 2054 727 2082 63
746 2051 781 2081 de
798 2055 873 2089 cur.)

683 2102 791 2132 6427.
821 2123 858 2126 —
885 2105 1053 2142 Communi,
1074 2106 1264 2135 universitati
1284 2111 1311 2136 et
1322 2107 1439 2146 populo
1462 2107 1644 2142 Bononien.,
1662 2107 1771 2136 mand.
1790 2108 1826 2137 ut
1841 2107 1950 2137 eidem
1971 2107 2088 2137 nuntio
2112 2107 2231 2137 diebus

639 2157 783 2195 singulis
809 2167 867 2187 vni
895 2158 965 2188 flor,
992 2159 1063 2187 auri
1093 2159 1266 2197 assignent
1281 2168 1342 2198 pro
1366 2160 1525 2198 expensis
1552 2160 1624 2189 suis
1646 2161 1677 2189 et
1697 2159 1919 2189 familiarium
1938 2168 2086 2190 suorum.
2107 2160 2159 2199 (A.
2180 2161 2228 2195 85,

639 2210 661 2239 f.
681 2211 737 2240 124
754 2214 802 2245 ΥΟ,
823 2210 857 2240 V.
877 2212 943 2245 126,
963 2220 993 2240 n.
1009 2213 1048 2241 64
1063 2210 1097 2240 de
1113 2213 1189 2248 cur.)

683 2260 790 2290 6428.
818 2281 854 2284 -
878 2263 999 2292 Hectori
1028 2263 1245 2300 Romandiolae,
1274 2265 1388 2294 mand.
1415 2266 1451 2295 ut
1476 2267 1654 2303 postquam
1685 2274 1742 2303 per
1768 2265 1944 2303 praefatum
1973 2265 2162 2304 Guigonem
2191 2265 2229 2296 de

639 2324 666 2344 s.
681 2315 846 2345 Germano
864 2318 1013 2354 potestas
1030 2318 1061 2346 et
1084 2317 1280 2355 capitaneus
1299 2317 1423 2347 fuerint
1440 2318 1602 2356 deputati,
1620 2317 1676 2355 (cf.
1696 2327 1728 2347 n.
1746 2318 1851 2356 6426),
1870 2318 1899 2348 si
1915 2318 2008 2356 ipsos
2033 2320 2107 2348 ante
2129 2318 2229 2348 finem

638 2368 691 2397 sui
718 2368 894 2406 regiminis
912 2369 1027 2399 cedere
1052 2369 1103 2399 vel
1130 2370 1289 2400 decedere
1306 2371 1495 2409 contigerit,
1516 2370 1568 2401 vel
1585 2371 1686 2401 etiam
1705 2379 1808 2409 quum
1829 2379 1888 2409 per
1911 2371 2043 2409 lapsum
2061 2380 2122 2401 sex
2140 2379 2229 2401 men-

639 2420 726 2450 sium
743 2429 857 2450 eorum
875 2421 985 2451 officia
1002 2422 1193 2458 cessabunt,
1208 2423 1249 2452 ad
1265 2423 1532 2453 nominationem
1547 2424 1712 2453 dictorum
1728 2423 1918 2453 communis
1933 2425 1964 2454 et
1977 2424 2106 2462 populi,
2119 2425 2224 2462 potes-

638 2474 740 2503 tatem
761 2475 792 2503 et
808 2474 1018 2511 capitaneum
1034 2475 1068 2504 in
1085 2475 1176 2505 civit.
1194 2475 1354 2513 praedicta
1369 2476 1465 2506 Auct.
1484 2477 1615 2514 Apost.‚
1636 2485 1702 2506 non
1719 2476 1772 2505 sui
1789 2476 1918 2506 ratione
1933 2476 2047 2513 officii,
2065 2484 2173 2515 usque
2188 2476 2228 2507 ad

638 2526 906 2564 quinquennium
925 2535 1048 2565 ponere
1072 2528 1205 2557 studeat
1233 2529 1264 2558 et
1285 2528 1386 2558 etiam
1412 2529 1583 2567 deputare.
1602 2529 1654 2568 (A.
1675 2530 1725 2565 85,
1746 2529 1767 2559 f.
1794 2530 1849 2559 124
1869 2533 1918 2564 νος
1942 2529 1976 2559 V.
2002 2531 2071 2566 126,
2091 2538 2122 2559 n.
2141 2531 2179 2560 65
2194 2528 2229 2559 a'e

638 2587 719 2613 cuin,
742 2578 784 2608 ef.
801 2587 832 2608 n.
851 2581 930 2609 6474
947 2580 955 2616 )

682 2628 789 2659 6429.
810 2648 846 2652 —
864 2632 1008 2662 Securus
1024 2633 1208 2663 concinctus
1225 2641 1285 2671 pro
1304 2633 1390 2664 dicto
1406 2643 1486 2672 may.
1509 2633 1646 2672 Guiyone
1662 2633 1696 2663 de
1714 2644 1737 2664 s.
1758 2633 1917 2664 Germano.
1931 2634 1982 2674 (A.
2000 2636 2048 2671 85,
2070 2634 2091 2664 f.
2111 2636 2168 2665 120
2180 2640 2225 2671 v⁰;

642 2684 676 2713 V.
695 2685 762 2720 126,
781 2692 811 2713 n.
831 2685 869 2714 55
887 2684 921 2713 de
935 2685 1012 2723 cur.)

681 2733 790 2764 6430.
809 2755 845 2758 -—
861 2737 984 2773 Jocmni,
999 2747 1068 2776 epo
1085 2738 1256 2777 Anaqnin.,
1272 2738 1308 2767 P.
1324 2739 1358 2769 P.
1378 2739 1409 2767 in
1429 2738 1506 2768 Urbe
1520 2739 1644 2774 vicario,
1663 2739 1774 2769 mand.
1793 2740 1829 2769 ut
1845 2740 1990 2778 receptis
2003 2740 2225 2778 praesentibus

636 2790 745 2827 capiat
761 2798 820 2819 seu
840 2790 911 2827 capi
930 2790 1027 2820 faciat
1047 2792 1078 2820 et
1098 2791 1222 2821 carceri
1241 2791 1423 2830 mancipari
1450 2800 1486 2821 ac
1502 2791 1563 2821 sub
1584 2792 1680 2821 cauta
1703 2792 1880 2830 diligentia
1900 2793 2063 2822 custodiri
2082 2793 2224 2823 Athana-

636 2842 735 2876 sium,
749 2851 783 2872 se
799 2842 975 2872 facientem
989 2843 1123 2873 Verien.
1137 2852 1249 2881 epum
1266 2844 1444 2879 nominari,
1463 2844 1519 2882 qui
1537 2844 1570 2873 in
1586 2844 1749 2874 Romanis
1770 2844 1924 2882 partibus
1945 2854 2074 2875 moram
2091 2845 2224 2876 trahens

635 2904 764 2925 errores
781 2896 996 2934 dogmatizat,
1017 2896 1182 2926 Armenos
1200 2896 1380 2926 catholicos
1398 2897 1543 2926 diversis
1561 2897 1853 2935 persecutionibus
1870 2897 2002 2937 affligit,
2029 2899 2061 2928 et
2076 2898 2223 2937 baptiza-
