2376 3334
102 292 258 325 BENED.
281 289 345 320 XII
367 305 405 310 —
427 287 485 317 DE
509 285 655 317 ABSOL.
679 284 864 315 CENSUR.
890 283 945 312 ET
968 281 1225 312 DIsPENSAT.
1249 280 1342 311 SUP.
1367 279 1573 310 IRREGUL.
1602 295 1638 298 —
1663 279 1769 309 ANNI
1792 278 1836 308 IV
1860 278 1986 315 (1338›
2029 280 2067 307 79

89 385 189 411 Datum
210 375 390 409 Avenione.

187 641 226 668 29
239 640 295 673 jul.

136 687 178 721 (ιγ
195 685 252 711 kal.
270 683 351 718 aug.)

164 730 195 757 T.
212 728 258 755 Xll
276 729 317 760 ¹l2·

119 958 138 985 4
156 960 188 993 (11
207 960 283 990 non.)
298 965 363 991 augy.

192 1003 220 1028 T.
237 1002 291 1028 CII.

120 1329 154 1356 Ut
172 1338 194 1355 s.
212 1344 245 1348 -
264 1328 293 1354 Τ.
312 1328 364 1355 CC.

187 1650 226 1677 22
243 1657 303 1675 nois.

149 1697 178 1728 (x
194 1694 252 1720 kal.
270 1693 344 1726 dee.)

140 1809 156 1835 8
174 1809 216 1843 (vl
234 1809 283 1839 id.)
305 1807 362 1834 dec.

103 2074 120 2102 5
135 2074 301 2110 (non.)jan.
322 2072 407 2100 4339.

197 2119 225 2145 T.
244 2118 313 2144 xvi.

484 475 732 515 irregularitate
749 482 849 512 quam
864 472 1003 502 incurrit
1020 480 1060 501 ex
1077 480 1114 501 eo
1130 470 1230 509 quod,
1245 469 1405 499 diaconus
1420 468 1582 503 existens,
1599 466 1821 505 quorumdam
1840 466 2071 504 aegrotantium

484 531 519 560 in
540 527 690 568 periculo
708 526 826 556 mortis
846 525 1116 560 constitutorum,
1136 532 1195 553 nec
1212 531 1276 552 non
1293 523 1436 561 quatuor
1454 520 1730 560 presbyterorum
1747 519 1888 548 missam
1905 518 2072 548 celebrare

485 581 669 613 volentium
689 580 728 609 de
745 579 901 609 mandato
918 577 1022 608 curati
1038 576 1267 606 confessiones
1286 574 1424 604 audivit.
1444 574 1494 611 (A.
1512 575 1561 607 52,
1579 573 1600 602 f.
1618 574 1671 602 231
1690 577 1740 606 νος
1765 571 1795 601 V.
1815 572 1883 605 125,
1901 580 1931 600 n.
1950 571 2033 607 280.)

529 632 640 663 6071.
668 651 699 655 —
720 631 905 666 Francisco,
929 640 994 670 eps)
1019 628 1348 666 Flo1·entin.,indulg.
1377 629 1410 656 ut
1437 635 1543 665 usque
1562 626 1601 655 ad
1626 625 1799 655 biennium
1819 633 1836 653 a
1856 624 1920 653 fine
1947 623 2073 653 biennii

486 688 551 727 ipsi
565 688 633 726 jam
653 685 802 716 concessi
826 683 1097 722 computandum,
1116 683 1240 712 missas
1258 682 1287 711 et
1306 680 1372 710 alia
1392 680 1505 709 divina
1523 678 1632 708 officia
1649 678 1760 716 possit
1776 686 1834 716 per
1849 685 1883 706 se
1900 676 1952 706 vel
1970 676 2073 706 alium

486 750 546 772 seu
565 740 649 770 alios
673 738 844 768 submissa
865 738 896 767 et
915 736 981 766 alta
1001 744 1078 766 voce
1101 735 1134 764 in
1157 734 1228 764 suis
1254 733 1344 763 civit.
1366 734 1398 762 et
1423 732 1468 762 di.
1492 732 1583 761 licite
1611 730 1791 766 celebrare,
1816 729 2074 768 pontificaleque

486 793 634 825 officium
652 799 820 824 exercere,
840 798 904 819 non
921 789 1005 819 obst.
1027 788 1203 818 interdicto
1222 786 1284 816 sub
1301 794 1365 824 quo
1382 785 1478 815 dictae
1496 784 1614 814 civitas
1631 785 1662 813 et
1679 783 1723 813 di.
1741 782 1923 821 suppositae
1942 781 2075 811 fuerunt

487 848 526 878 de
540 846 613 886 jure
630 843 811 879 communi,
829 843 908 881 quia
927 841 1075 880 gabellas
1093 850 1110 871 a
1128 840 1259 870 clericis
1276 838 1465 878 exigebant,
1484 837 1585 868 etiam
1604 837 1642 866 de
1664 835 1828 865 fructibus
1847 843 1982 864 suarum
2001 842 2076 872 pos-

487 899 689 931 sessionum.
711 897 761 933 (A.
786 897 835 931 52,
856 895 877 925 f.
896 896 953 925 224
971 899 1019 929 v03
1044 893 1076 923 V.
1095 895 1163 929 125,
1181 902 1212 922 n.
1233 893 1320 930 261.)

531 949 640 981 6072.
660 969 696 972 —
714 949 797 989 Epa)
814 947 996 983 castellano,
1014 947 1125 977 mand.
1141 948 1177 976 ut
1194 955 1271 976 cum
1289 945 1378 975 clero
1397 944 1485 974 civit.
1504 945 1535 973 et
1552 943 1724 973 districtus
1739 941 1891 971 Paduan.
1907 940 2077 978 dispenset

488 1014 588 1045 super
615 1002 861 1042 irregularitate
882 1010 981 1040 quam
1008 1000 1221 1030 incurrerunt
1243 999 1321 1038 quia
1342 998 1536 1037 ignoranter
1561 995 1674 1026 divina
1695 994 1804 1024 officia
1827 993 2077 1023 celebraverunt

487 1061 637 1097 tempore
654 1055 822 1086 interdicti
841 1053 1054 1093 promulgati,
1076 1053 1155 1083 dum
1176 1052 1264 1082 dicta
1281 1051 1399 1081 civitas
1416 1052 1446 1081 et
1462 1049 1635 1080 districtus
1654 1057 1672 1077 a
1688 1047 1849 1085 tyrannis
1866 1046 1904 1075 de
1920 1046 1968 1075 La
1982 1045 2078 1076 Scala

489 1110 639 1150 occupati
655 1109 866 1145 tenebantur,
884 1109 915 1138 et
929 1108 1008 1146 quia
1022 1106 1102 1136 dicti
1119 1105 1249 1136 nobiles
1266 1104 1468 1144 quibusdam
1484 1101 1680 1142 gerentibus
1700 1109 1734 1130 se
1752 1109 1810 1139 pro
1829 1097 2078 1129 marchionibus

488 1163 702 1198 EstensibuS‚
718 1162 751 1191 in
770 1161 860 1192 civit.
880 1160 1069 1191 Ferrarien.
1085 1158 1299 1198 tyrannidem
1316 1155 1562 1191 exercentibus,
1578 1157 1691 1185 contra
1709 1153 1896 1184 exercitum
1917 1152 1947 1181 et
1964 1152 2079 1189 gentes

489 1216 677 1250 Bertrandi,
698 1215 764 1254 epi
787 1214 930 1248 Ostien.‚
949 1213 1024 1244 Sed.
1043 1213 1160 1252 Apost.
1187 1211 1299 1251 legati,
1323 1209 1513 1240 subsidium
1531 1208 1639 1247 gentis
1659 1207 1831 1245 armigerae
1852 1204 2077 1235 destinarunt.

489 1273 540 1314 (Α.
559 1273 608 1307 52,
628 1269 650 1299 f.
670 1270 745 1303 2243
771 1267 802 1297 V.
825 1269 892 1305 125,
911 1276 942 1297 n.
961 1268 1043 1303 260.)

536 1328 546 1337 “
566 1324 675 1355 6073.
693 1343 730 1346 —
748 1321 925 1354 Relaxatio
944 1319 1113 1350 interdicti
1131 1318 1183 1348 cui
1203 1316 1376 1356 subjacent
1393 1315 1488 1344 clerus
1504 1318 1531 1343 et
1544 1312 1684 1354 populus
1704 1311 1786 1341 civit.
1803 1315 1830 1340 et
1852 1309 2005 1339 districtus
2023 1308 2082 1352 Ra·

491 1380 637 1411 dua21.ob
656 1378 808 1410 eamdem
824 1383 972 1410 causam,
986 1375 1029 1411 (ut
1043 1372 1093 1410 s.).
1106 1371 1175 1410 Ipsi
1190 1372 1302 1401 autem
1319 1369 1406 1399 infra
1422 1377 1453 1397 1v
1468 1375 1602 1398 menses
1622 1374 1697 1396 cum
1714 1363 1860 1404 publicis
1878 1363 2080 1392 instrumen-

490 1435 535 1465 tis
557 1432 742 1473 approbare
767 1430 888 1460 debent
912 1426 1025 1458 omnia
1052 1434 1125 1464 quae
1149 1423 1336 1459 Barofinus,
1363 1431 1435 1452 can.
1462 1421 1627 1456 Paduan.‚
1648 1420 1679 1449 et
1699 1417 1865 1457 Rogerius
1892 1416 1931 1446 de
1953 1414 2080 1447 Titulo,

491 1487 683 1522 advocatus,
712 1484 795 1515 civis
821 1482 1013 1515 Paduamus.
1047 1477 1177 1518 syndici
1208 1478 1239 1507 et
1262 1475 1510 1506 ambaxiatores
1541 1471 1732 1503 communis
1760 1468 1911 1500 Paduani
1940 1468 1979 1497 ad
2004 1467 2078 1496 Sed.

491 1541 608 1579 Apost.
631 1537 788 1569 destinati
807 1534 1035 1575 promiserunt
1054 1543 1058 1561 :
1078 1531 1206 1561 scilicet
1226 1529 1314 1569 quod
1337 1528 1471 1558 stabunt
1489 1525 1648 1557 Ecclesiae
1666 1523 1839 1554 mandatis
1858 1530 1916 1552 nec
1939 1521 2082 1558 recepta-

492 1594 575 1624 bunt
591 1592 799 1623 Ludovicum
815 1589 854 1619 de
868 1587 1021 1618 Bavaria.
1039 1585 1089 1623 (Α,
1107 1585 1156 1620 52,
1174 1583 1194 1613 f.
1211 1584 1269 1613 240
1286 1587 1333 1618 v⁰;
1358 1581 1390 1611 V.
1407 1582 1473 1616 125,
1493 1589 1524 1609 n.
1542 1580 1615 1614 2593
1636 1577 1785 1612 Riezler‚
1801 1585 1833 1605 n.
1854 1574 1957 1605 1965.)

537 1643 646 1674 6074.
667 1663 703 1666 -
723 1642 847 1678 Jacobo,
868 1641 933 1680 regi
951 1639 1181 1678 Majoricnrum,
1199 1635 1392 1666 conceditur
1407 1635 1443 1664 ut
1460 1633 1532 1672 ejus
1549 1631 1719 1662 confessor
1747 1630 1779 1659 et
1798 1627 1993 1666 capellanus
2015 1634 2082 1655 suae

494 1699 629 1738 capellae
646 1697 830 1737 praesidens
845 1693 977 1733 possint
989 1691 1163 1722 absolvere
1179 1689 1318 1719 clericos
1335 1696 1414 1717 suos
1431 1685 1472 1716 ab
1488 1682 1813 1722 exomnsententiis
1828 1681 1962 1719 propter
1976 1679 2083 1708 levem

495 1760 655 1783 manuum
672 1749 884 1789 injectionem
899 1747 933 1776 in
949 1745 1088 1775 clericos
1104 1742 1262 1773 incursis.
1285 1741 1336 1779 (A.
1349 1741 1398 1776 52,
1417 1739 1438 1769 f.
1461 1740 1497 1768 10
1514 1737 1636 1776 (rub.);
1658 1736 1694 1766 V.
1714 1736 1783 1770 125,
1802 1743 1834 1763 n.
1852 1732 1936 1770 298.)

540 1802 647 1833 6075.
667 1821 704 1825 —
722 1802 842 1836 Petrus,
859 1809 913 1829 rex
929 1799 1115 1837 Araqonzmz,
1132 1794 1318 1825 absolvitur
1334 1802 1352 1823 a
1368 1791 1536 1822 sententia
1549 1798 1677 1820 excom.
1697 1796 1762 1827 qua
1777 1787 1885 1816 fuerat
1902 1783 2084 1815 adstrictus

496 1859 623 1889 ratione
638 1864 758 1887 census
774 1855 865 1891 2,000
881 1851 1003 1882 march.
1021 1858 1088 1889 arg.
1109 1856 1209 1887 quem
1225 1847 1259 1877 in
1274 1847 1358 1877 festo
1377 1854 1403 1875 s.
1422 1854 1448 1875 s.
1466 1843 1559 1874 Petri
1577 1844 1609 1873 et.
1628 1841 1727 1872 Pauli
1749 1839 1892 1878 singulis
1912 1836 2009 1867 annis
2025 1843 2084 1874 pro

496 1912 608 1952 regnis
626 1909 790 1942 Sardiniae
808 1909 839 1938 et
857 1906 1000 1937 Corsicae
1016 1903 1145 1934 solvere
1166 1900 1274 1936 debet,
1294 1907 1394 1939 quem
1407 1899 1517 1928 tamen
1534 1904 1600 1926 non
1617 1895 1740 1929 solvit3
1758 1893 1867 1923 eidem
1886 1890 2085 1929 prorogatur

496 1967 630 2004 tempus
651 1963 750 2002 hujiis
776 1958 955 1991 solutionis
973 1965 1079 1996 usque
1105 1955 1146 1985 ad
1170 1955 1301 1984 instans
1320 1952 1442 1982 festum
1464 1949 1604 1981 Nativit.
1634 1946 1783 1978 Domini.
1811 1945 1862 1982 (A.
1880 1945 1931 1977 52,
1954 1942 1976 1972 t'.
1998 1944 2032 1972 11
2052 1945 2084 1970 v⁰

498 2018 615 2057 (rub.);
640 2016 672 2047 V.
693 2017 760 2051 125,
777 2023 809 2044 n.
829 2014 914 2050 362.)

542 2068 652 2099 6076.
671 2087 708 2091 -—
726 2067 840 2098 Tertia
855 2065 1004 2104 dispens.
1021 2071 1080 2102 pro
1096 2060 1256 2090 Francisco
1277 2059 1311 2088 de
1332 2058 1507 2098 Carpinew,
1528 2064 1599 2086 can.
1617 2052 1785 2088 Theatin.,
1806 2051 1845 2081 de
1861 2059 1911 2088 pr.
1930 2050 1962 2079 et
1979 2047 2089 2078 soluta

499 2133 587 2164 gen,
604 2125 720 2154 utnon
736 2120 821 2152 obst.
838 2118 967 2149 defectu
988 2115 1152 2146 natalium
1175 2122 1291 2144 canon.
1317 2111 1396 2142 0001.
1418 2110 1566 2140 Pennen.
1594 2107 1660 2146 ipsi
1679 2104 1918 2136 conferendum
1940 2100 2089 2139 recipere

499 2178 620 2209 valeat.
639 2176 690 2216 (A.
706 2175 756 2211 52,
776 2173 797 2204 f.
814 2173 887 2207 244;
910 2170 943 2200 V.
962 2171 1030 2204 125,
1051 2178 1083 2199 n.
1103 2168 1186 2205 304.)
