2376 3334
391 269 668 299 ΑΡΡΕΝΒΙΟΙἿδ1
693 270 753 299 AD
776 269 955 299 SEXTI'M
981 271 1193 302 BULLARII
1217 273 1452 303 lalfixlssl‘uu'si
1478 276 1540 305 xii
1564 277 1723 307 ANNUM
1746 278 1871 316 (13405
2090 284 2148 313 305

231 460 389 502 Neapoli.

267 514 284 537 S
301 521 362 539 nov.

222 567 245 597 A
254 566 400 598 venione.

256 620 266 644 Ι
276 620 286 644 Ι
309 627 370 645 που.

127 672 163 703 [η
176 678 284 703 castro
294 672 479 715 Leqqenz'cli
487 698 494 704 .

257 726 290 750 18
308 733 369 751 nov.

160 779 227 805 Nor.
248 784 276 804 et
292 779 349 805 dec.
372 779 459 806 4340.

261 834 281 860 3
300 834 357 860 dec.

228 1046 384 1089 Neapoli.

259 1097 277 1124 .’“)’
296 1099 354 1125 dec.

214 1204 394 1236 Avenz'one.

258 1257 293 1283 18
309 1257 365 1284 dec.

214 1416 395 1449 Faventiae.

248 1468 288 1494 26
307 1469 364 1496 dec.

227 1522 383 1565 Neapoli.

249 1575 286 1601 31
307 1576 363 1602 dec.

132 1649 136 1653 .
162 1632 250 1665 Apud·
259 1629 282 1660 A
291 1629 444 1671 quinum.

261 1681 347 1708 4340.

262 1734 347 1760 1340.

257 1943 345 1972 4340.

256 2103 341 2129 1340.

132 2368 237 2400 Rezcse
259 2378 359 2411 super
376 2367 469 2401 littus

252 2420 345 2453 Remi.

194 2474 226 2498 11
239 2473 295 2505 Jul.
315 2473 403 2503 1346.

596 457 704 488 8339.
727 479 765 482 -
787 461 972 496 Quittantia
1000 463 1115 492 Jacobi
1135 464 1175 493 de
1196 466 1292 501 [ἐι-οτι,
1321 466 1466 496 thesaur.
1491 469 1526 498 P.
1556 469 1604 504 R,
1636 470 1676 499 ‹le
1705 472 1796 506 1,ΟΟΟ
1817 472 1889 504 ssor.
1917 476 2060 512 receptis
2086 484 2145 513 pro

551 514 691 542 (lamera
708 516 814 552 apost.
833 524 851 544 a
870 515 1054 545 Guillelmo
1075 516 1113 546 de
1131 525 1158 545 s.
1178 518 1293 547 Paulo.
1315 519 1418 557 (Orig.
1443 529 1532 559 pei-g.
1554 531 1626 551 cum
1646 523 1735 561 sigil.
1753 533 1818 554 cer.
1836 525 1924 565 rub.)

595 562 703 593 8340.
726 583 760 586 —
778 567 931 605 Epistola
957 568 1131 606 cujusdam
1153 570 1190 598 ad
1220 570 1450 601 Camerarium
1478 574 1710 611 Apostolicum
1737 578 1852 607 contra
1873 578 1984 616 ipsum
2005 580 2146 610 Guillel-

549 626 641 647 mum
660 619 699 648 de
719 628 745 648 s.
765 620 881 649 Paulo.
903 620 1026 658 (Chart.
1051 621 1121 658 fol.)

592 668 701 699 8341.
721 689 756 693 ——
777 673 937 703 Instrum.
953 675 1225 711 przesentationis
1240 675 1429 707 litterarum
1450 680 1573 708 Bened.
1594 681 1659 710 XII
1676 681 1763 712 circa
1781 684 2048 714 reservationem
2062 686 2141 715 eccl.

548 723 785 755 Monasterien.
805 725 898 756 factae
916 726 1103 763 VValramo,
1124 728 1292 765 archiep.o
1310 730 1482 761 (tolonien.
1499 733 1604 771 (Orig.
1621 742 1711 772 perg.
1729 752 1765 756 -—
1783 736 1929 773 Riezler,
1948 746 1980 766 n.
1999 738 2102 775 2086.)

592 774 700 805 8342.
721 797 756 800 —
782 779 1021 817 Fragmentum
1038 779 1115 809 libri
1132 789 1357 819 expensarum
1376 784 1651 824 eleemosynariae
1668 789 1776 825 apost.
1794 788 1882 827 (Duo
1901 789 1958 819 fol.
1974 790 2092 825 chart.)

591 826 701 858 8343.
727 850 756 853 -
782 831 933 868 Roberti,
950 832 1074 863 Sicilia}
1090 834 1191 872 regis,
1211 836 1309 872 epist.
1331 838 1604 868 commendatitia
1622 840 1662 869 ad
1682 840 1910 872 Annibaldum
1929 851 2041 881 ep.um
2059 844 2140 874 Tus-

546 882 703 912 culanum
733 893 791 922 pro
808 884 992 915 Guillelmo
1020 886 1059 915 de
1085 896 1112 915 s.
1133 886 1251 923 Paulo,
1280 889 1457 920 collectore
1482 891 1513 920 in
1541 900 1641 930 regno
1666 893 1790 923 Sicilire
1815 896 1846 924 et
1867 895 2141 927 administratore

546 938 689 966 monast.
716 945 742 966 s.
770 937 861 967 Petri
890 938 931 967 ad
958 940 1061 968 Aram
1088 940 1316 978 Neapolitan.,
1341 951 1442 980 super
1467 944 1760 976 administratione
1785 947 1864 977 dicti
1893 947 2007 978 officii.
2029 949 2138 988 (Perg.

546 991 652 1026 parv.)

590 1038 699 1070 8344.
721 1061 756 1064 —
773 1043 934 1073 Instrum.
954 1045 1176 1075 confessionis
1200 1048 1422 1084 quorumdam
1440 1051 1664 1080 mercatorum
1683 1052 1855 1082 societatis
1879 1054 2139 1089 Acciaialorum,

519 1105 520 1114 ¹
546 1094 585 1124 de
602 1095 786 1132 Florentia,
804 1096 1087 1135 depositariorum
1105 1098 1253 1129 Gamerae
1270 1102 1392 1138 apost„
1413 1101 1452 1132 de
1470 1103 1571 1133 certis
1588 1105 1806 1141 pecuniarum
1833 1107 1977 1136 summis
1996 1109 2140 1146 receptis

546 1156 564 1177 a
581 1147 621 1178 G.
638 1148 677 1178 de
692 1157 718 1177 S.
737 1149 854 1185 Paulo,
873 1150 1001 1180 collect.
1020 1151 1053 1180 in
1071 1160 1172 1190 regno
1188 1152 1323 1183 Siciliae.
1343 1153 1446 1193 (Orig.
1464 1157 1570 1194 perg.)

590 1198 700 1228 8345.
724 1220 761 1223 —
783 1201 952 1238 Gasberti,
973 1204 1158 1234 Camerarii
1174 1205 1211 1235 P.
1224 1205 1275 1242 P„
1293 1207 1405 1237 mand.
1426 1207 1622 1246 Lugdunen.
1638 1211 1669 1240 et
1687 1211 1908 1242 Matisconen.
1924 1213 2139 1250 officialibus,

545 1256 660 1284 contra
678 1254 755 1285 nob.
773 1255 968 1294 Philippum
988 1257 1027 1287 de
1045 1257 1235 1297 Chauneyr,
1252 1259 1409 1294 militem,
1426 1260 1591 1292 ballivum
1608 1263 1841 1301 Matisconen.‚
1861 1265 1917 1304 qui
1934 1266 2139 1304 impediebat

517 1339 518 1343 Ἰ
545 1307 726 1345 quominus
745 1308 1000 1339 commissarius
1017 1312 1124 1348 apost.
1142 1311 1316 1350 colligeret
1334 1312 1420 1343 bona
1436 1313 1467 1343 b.
1487 1323 1531 1344 m.
1550 1315 1737 1349 Guillelmi,
1762 1317 1924 1356 archiep.i
1942 1320 2137 1358 Lugdunen.

518 1393 519 1401 ἵ
545 1360 648 1399 (Orig.
669 1361 777 1400 perg.)

588 1411 697 1442 8346.
715 1431 753 1435 —
770 1415 931 1445 Instrum.
951 1415 1192 1454 publicationis
1208 1417 1399 1449 litterarum
1426 1397 1549 1452 Bene'd.
1575 1422 1639 1452 XII
1663 1423 1825 1453 adversus
1850 1424 2081 1455 Bononienses
2105 1426 2139 1455 in

517 1460 518 1489 ἶ
544 1467 623 1496 ecel.
643 1467 839 1497 Faventina.
855 1468 961 1507 <Orig.
982 1470 1088 1508 perg.)

586 1517 697 1547 8347.
716 1538 754 1542 —
772 1521 960 1556 Quittantia
976 1523 1007 1552 et
1024 1523 1172 1553 rationes
1187 1524 1365 1555 Guillelmi
1383 1526 1529 1557 Guaschi
1549 1528 1588 1557 de
1613 1528 1656 1558 iis
1675 1538 1747 1567 quae
1766 1530 1892 1569 recepit
1914 1539 1931 1560 a
1953 1531 2137 1562 Guillelmo

514 1601 515 1608 ,
544 1572 582 1602 de
600 1582 627 1602 s.
644 1574 761 1609 Paulo,
779 1574 956 1605 collectore
976 1577 1082 1614 apost.
1101 1577 1135 1606 in
1154 1586 1254 1616 regno
1267 1578 1402 1608 Siciliae.
1422 1579 1525 1619 (Orig.
1544 1582 1652 1620 perg.)

586 1623 696 1654 8348.
716 1644 753 1647 —
769 1627 1009 1665 Fragmentum
1024 1629 1263 1667 appellationis
1285 1632 1461 1662 Guillelmi
1478 1633 1517 1663 de
1536 1642 1562 1663 s.
1586 1634 1692 1664 Paulo
1710 1636 1824 1665 contra
1837 1636 1969 1674 judices
1985 1637 2019 1666 in
2037 1646 2138 1667 causa

542 1678 702 1717 archiep.i
718 1681 750 1709 et
768 1680 866 1718 capit.
885 1681 1109 1712 Beneventan.
1130 1683 1318 1721 deputatos
1337 1685 1446 1724 (Perg.
1468 1686 1598 1724 grand.)

585 1729 694 1760 8349.
715 1749 752 1753 -—-
770 1733 853 1763 Acta
869 1735 984 1763 contra
1002 1735 1129 1765 dictum
1145 1736 1368 1767 Guillelmum
1386 1738 1426 1768 de
1447 1747 1473 1768 s.
1496 1740 1601 1769 Paulo
1623 1749 1683 1778 per
1702 1741 1915 1780 Arnulphum
1934 1743 2134 1779 Marcellini,

541 1785 580 1814 de
600 1785 789 1821 Eoi-edunt),
810 1795 880 1816 can.
904 1788 1089 1825 Agennen..
1114 1789 1205 1819 civit.
1228 1790 1470 1821 Beneventanae
1493 1793 1730 1823 vicerectorem
1749 1796 1780 1824 et
1798 1795 1989 1833 Campaniae
2009 1796 2136 1826 Mariti-

541 1846 669 1876 mzeque
693 1838 854 1875 thesaur.,
885 1840 972 1870 circa
998 1841 1219 1872 redditionem
1246 1843 1415 1874 rationum
1433 1845 1651 1876 thesauraria)
1676 1847 1931 1878 Beneventanae.
1961 1849 2134 1888 (Quatern-

541 1893 682 1929 quatuor
697 1892 751 1921 fol.
773 1892 891 1930 chart.)

584 1941 694 1972 8350.
716 1962 752 1965 —
770 1945 1010 1983 Fragmentum
1026 1946 1103 1977 libri
1126 1948 1326 1979 collectoriae
1343 1950 1436 1988 regni
1461 1951 1584 1981 Siciliae
1601 1952 1685 1982 citra
1709 1952 1870 1988 Pharum,
1893 1954 2069 1984 continens
2086 1955 2133 1985 in-

539 1998 728 2027 ventarium
754 1999 922 2037 quoddam
945 1999 1057 2036 breve,
1079 2000 1280 2032 locationem
1304 2003 1479 2033 domorum
1507 2006 1537 2034 et
1561 2004 1730 2035 rubricam
1753 2006 1905 2043 ejusdem
1929 2006 2020 2037 libri.
2045 2008 2133 2047 (Duo

540 2050 597 2079 fol.
617 2051 734 2081 charts]

583 2100 691 2131 8351.
713 2121 751 2125 —
778 2104 923 2134 Rotulus
950 2113 1176 2144 expensarum
1204 2107 1368 2138 factarum
1397 2117 1416 2138 a
1443 2110 1640 2140 consulibus
1666 2111 1968 2150 Montispessulani
1996 2115 2133 2152 propter

538 2157 778 2187 contumatiam
795 2157 966 2188 Coelestini
985 2158 1149 2197 Sequerii,
1171 2160 1264 2191 citati
1281 2169 1341 2199 per
1357 2162 1588 2193 Camerarium
1604 2163 1641 2193 P.
1657 2165 1694 2194 P.
1709 2164 1750 2194 ad
1765 2165 1961 2195 instantiam
1977 2175 2132 2204 procura-

512 2213 513 2217 ’
537 2210 621 2239 toris
645 2210 771 2240 fiscalis
790 2211 886 2241 dictae
911 2211 1060 2242 Camerae
1083 2214 1114 2243 et
1132 2214 1309 2244 consulum
1332 2215 1422 2246 villae
1438 2216 1753 2255 Montispessulani.
1772 2218 1932 2255 (Rotulus
1946 2219 2070 2255 chart.;
2089 2220 2131 2251 cf.

510 2269 511 2272 ’
538 2271 569 2292 n.
590 2264 692 2298 7600.)

123 2315 161 2345 In
178 2315 338 2357 pomeriis
354 2315 471 2348 subtus
511 2350 512 2357 ἵ

582 2313 691 2344 8352.
713 2334 749 2338 —
773 2317 953 2354 Walrami,
983 2318 1156 2349 Colonien.
1185 2320 1358 2359 archiep.i,
1386 2323 1532 2360 epistola
1553 2324 1594 2353 ad
1609 2324 1817 2355 Clementem
1843 2326 1899 2361 VI,
1920 2334 1979 2364 pro
2000 2326 2133 2356 intima-

537 2368 627 2399 tione
653 2370 879 2400 coronationis
902 2371 1013 2402 Caroli
1031 2372 1106 2411 (IVJ)
1132 2381 1191 2403 seu
1210 2374 1363 2411 Joannis,
1387 2376 1476 2414 regis
1501 2376 1682 2413 Bohemiae‚
1702 2378 1735 2407 in
1758 2386 1871 2417 regem
1888 2379 2131 2410 Romanorum.

472 2460 475 2462 .
510 2449 512 2508 Ι
536 2422 641 2461 (mig.
663 2425 767 2461 perg.)

257 2985 387 3012 Basso.
408 2985 475 3012 XII.
496 3002 530 3005 —
549 2986 579 3013 T.
600 2987 633 3013 ΙΙ.
1954 2991 1989 3019 39
