2376 3334
330 251 607 283 APPENDICES
632 250 692 279 AD
715 248 919 284 QUINTITM
944 248 1155 278 BULLARII
1180 248 1417 277 BENEDICTI
1442 248 1504 277 XII
1528 248 1687 278 ANNUM
1710 250 1833 287 (1339)
2037 253 2089 281 231

212 444 250 470 23
266 447 319 471 orl.

216 759 254 786 24
271 764 323 787 oct.

234 974 244 998 1
259 980 318 998 nor.

210 1131 245 1156 19
265 1138 326 1157 nor.

221 1394 238 1420 3
256 1394 312 1420 (lec.

137 2194 190 2220 An.
216 2193 401 2221 1338-1343.

211 2237 251 2271 (n.
272 2238 323 2273 st.)

137 2670 191 2696 An.
212 2669 397 2697 1335-1338.

142 2829 195 2854 An.
218 2828 399 2856 1338-1339.

214 2873 253 2907 (n.
273 2871 324 2907 st.)

549 434 562 449 Υ
577 436 686 465 7617.
705 454 741 458 —-
762 437 883 467 Bened.
905 437 967 466 XII
993 436 1086 465 bulla
1109 438 1195 469 (cum
1223 436 1455 474 [11111111)0“)(]1111
1473 438 1621 474 acceptat
1645 437 1858 467 donationem
1884 438 2040 468 villarum
2056 440 2094 469 de

508 491 670 529 Magnano
695 492 726 519 et
756 490 795 519 de
820 489 990 527 Capraria,
1010 490 1127 518 factam
1149 488 1180 518 S.
1201 489 1239 518 11.
1260 489 1294 518 Ε.
1315 499 1332 518 a
1349 489 1496 518 dominis
1513 489 1551 518 de
1571 489 1601 518 la
1620 490 1727 524 Scala,
1747 490 1869 528 quibus
1886 491 1978 528 ipsas
1997 492 2095 521 villas

507 544 657 573 concedit
677 544 708 572 in
736 543 871 572 seudum
896 542 958 571 sub
984 551 1094 571 annuo
1115 550 1214 571 censu
1241 542 1340 570 unius
1367 542 1490 571 march.
1517 542 1600 571 auri.
1622 543 1711 580 Papa
1727 543 1908 572 committit
1930 544 2095 574 Bernardo

507 597 546 627 de
564 598 664 631 Lacu,
684 596 801 625 rectori
821 595 859 625 de
879 595 1057 630 (tlonzaco,
1076 603 1102 622 S.
1123 595 1233 624 Pontii
1260 595 1493 624 'l'tuneriarum
1523 595 1579 629 (11.,
1598 595 1795 625 missionem
1817 596 1848 625 ln
1876 596 1998 625 realem
2020 606 2095 634 pos—

508 650 695 679 sessionem
715 649 878 678 dictarum
908 647 1065 676 villarum
1087 649 1117 677 et
1140 647 1365 685 reseptionem
1388 648 1570 685 juramenti
1589 648 1774 677 tidelitatiS.
1794 666 1829 669 —
1848 649 1930 678 Item
1951 650 2094 687 exempl.

508 703 603 732 dictae
620 701 725 731 Bullae
745 703 775 730 et
797 701 968 730 exsecutio
986 700 1065 729 dicti
1087 700 1247 729 mandati.
1269 700 1376 737 (Arm.
1399 709 1452 735 xv,
1474 709 1563 739 caps.
1580 709 1611 736 v⁷
1630 709 1661 730 n.
1687 703 1716 732 6.
1734 703 1769 736 73
1787 701 1827 730 cf.
1848 710 1879 730 n.
1900 703 2097 739 7542-7544.)

551 752 659 782 7616.
678 771 715 775 -
741 754 924 783 l'rocessus
947 754 1062 782 contra
1083 753 1253 782 Simonem
1271 754 1528 791 l.)r:1gonariu1n‚
1548 762 1673 791 epum,
1694 754 1857 783 vicarium
1876 754 2029 790 Arnaldi‚
2047 764 2095 784 ar-

507 808 628 845 chiep.i
655 806 895 841 Beneventani,
912 809 943 835 et
961 805 1207 835 thesaurarium
1236 806 1303 835 eccl
1336 807 1530 841 Benevent.y
1551 808 1784 844 usurpatorem
1803 807 1994 836 reddituum
2012 808 2098 846 prio-

508 863 600 890 ratus
623 859 810 890 S.A11drea.·
832 859 871 888 de
896 859 1010 888 Platea
1037 859 1260 888 Beneventan.
1284 859 1444 895 vacantis,
1473 861 1589 897 Apost.
1608 859 1684 889 Sedi
1708 862 1965 889 reservatorum.
1983 861 2036 897 (A.
2056 862 2094 890 A.

506 915 621 949 Instr.)

551 964 659 994 7619.
675 984 711 987 -
729 965 917 995 Publicatio
939 973 1066 995 excom.
1084 966 1115 994 et
1132 964 1300 994 interdicti
1318 965 1561 995 sententiarum
1579 965 1723 994 latarum
1742 974 1759 993 a
1775 965 1943 995 Galbardo
1962 966 2001 995 de
2021 966 2095 995 Car-

507 1019 650 1054 ceribus,
674 1019 790 1048 nuntio
808 1019 840 1047 in
858 1018 1010 1053 Polonia,
1030 1019 1145 1047 contra
1170 1017 1259 1056 capit
1283 1019 1314 1047 et
1333 1018 1459 1047 clerum
1478 1018 1734 1047 Wratislavien.
1755 1019 1786 1047 et
1810 1018 1962 1056 Epolien.
1984 1019 2035 1055 (A.
2055 1020 2094 1049 A.

507 1073 626 1106 Instr.;
645 1070 898 1106 'l'heiner,ll10n.
918 1071 1039 1107 Pol.,1,
1057 1079 1088 1108 p.
1106 1070 1193 1107 426.)

551 1122 659 1152 7620.
678 1142 715 1146 -
732 1125 891 1154 lustrum.
910 1123 1035 1162 public.
1053 1123 1248 1158 membrac.,
1276 1122 1332 1152 ubi
1350 1123 1539 1161 episcopus,
1560 1123 1745 1162 capitulum
1764 1125 1795 1153 et
1811 1124 1931 1153 civitas
1949 1124 2095 1154 Feltren.

507 1180 754 1217 procuratorem
779 1177 987 1207 constituunt
1012 1176 1054 1206 ad
1079 1176 1325 1215 impetrandam
1355 1176 1603 1206 absolutionem
1627 1185 1846 1206 censurarum
1867 1178 1898 1206 et
1928 1177 2096 1207 interdicti

506 1231 564 1261 lati
586 1240 604 1261 a
630 1232 738 1270 legato
755 1232 861 1269 apost.
881 1230 1043 1259 adversus
1060 1229 1215 1259 dominos
1240 1229 1325 1259 dela
1341 1229 1448 1263 Scala,
1467 1238 1649 1268 eorumque
1664 1231 1770 1259 terras
1786 1232 1816 1260 et
1836 1229 2000 1265 fautores3
2019 1230 2098 1268 quia

506 1285 655 1323 prtedicti
679 1283 806 1314 domini
836 1283 1063 1322 praestiterant
1085 1282 1252 1312 auxilium
1276 1282 1552 1312 Ferrariensibus
1573 1284 1687 1312 contra
1701 1283 1799 1312 Rom.
1818 1283 1905 1312 Eccl.
1924 1283 2029 1321 (Arm.
2051 1292 2095 1319 ix,

507 1346 595 1376 caps.
615 1347 649 1372 11,
667 1346 697 1368 n.
716 1338 760 1374 6.)

549 1386 561 1402 x·
579 1388 687 1418 7621.
708 1409 744 1412 -—
761 1391 1025 1428 Transumptum
1056 1389 1205 1419 authent.
1227 1388 1380 1426 (membr.
1414 1397 1488 1418 cum
1522 1388 1653 1418 duobus
1683 1389 1819 1427 sigillis)
1849 1388 2018 1418 bullarum
2037 1390 2097 1419 L'e-

506 1444 580 1474 ned.
602 1444 667 1474 XII
687 1444 774 1473 circa
800 1443 1015 1472 donationem
1045 1441 1110 1471 sibi
1133 1442 1254 1472 factam
1274 1451 1292 1471 a
1315 1442 1463 1471 dominis
1480 1442 1519 1471 de
1540 1442 1571 1471 la
1589 1441 1685 1471 Scala
1702 1442 1859 1471 villarum
1878 1442 1917 1471 de
1934 1442 2097 1480 Magnano

506 1500 538 1528 et
560 1497 599 1527 de
618 1497 777 1535 Capraria
802 1505 837 1526 ac
858 1496 993 1525 illarum
1020 1495 1283 1525 infeudationem
1300 1495 1398 1524 dictis
1414 1495 1580 1524 dominis:
1598 1504 1672 1524 cnm
1692 1495 1856 1525 mandatis
1873 1495 2097 1533 procuratori-

506 1551 568 1580 bus
584 1550 751 1580 dictorum
768 1549 982 1579 dominorum
1001 1550 1035 1578 nt
1052 1550 1211 1587 praestent
1229 1548 1458 1586 juramentum
1478 1548 1662 1578 fidelitatis.
1677 1548 1784 1586 (Arm.
1800 1557 1852 1581 xv,
1871 1557 1896 1578 c.
1909 1557 1938 1582 v,
1959 1556 1990 1577 n.
2012 1550 2039 1584 7,
2054 1548 2098 1585 8.)

1240 1831 1365 1881 III

610 1957 817 1987 Documenta
838 1965 912 1998 quae
933 1954 979 1986 ad
997 1954 1122 1986 calcem
1150 1953 1281 1997 Reqesti
1299 1952 1537 1986 Avenionensis
1558 1954 1645 1990 LIII,
1666 1964 1722 1985 sen
1744 1952 1914 1985 Benedicti
1931 1954 2000 1984 XII

1107 2012 1192 2043 anni
1212 2011 1333 2054 quinti,
1361 2017 1487 2043 extant.

551 2189 660 2219 7622.
680 2209 716 2213 —
733 2191 846 2221 Codex
873 2191 925 2220 cui
943 2190 1064 2220 titulus
1094 2190 1144 2220 est
1162 2197 1168 2217 :
1185 2198 1201 2218 «
1219 2188 1399 2226 Arreragia
1422 2188 1572 2226 antiqua.
1597 2197 1613 2217 »
1639 2206 1674 2209 —
1693 2197 1708 2217 «
1731 2188 1768 2217 In
1792 2188 1926 2218 nomine
1948 2187 2096 2217 Domini.

506 2246 624 2275 Amen.
652 2244 873 2282 Infrascripta
892 2245 970 2273 sunt
996 2244 1129 2282 recepta
1145 2251 1203 2281 per
1229 2251 1280 2271 me
1299 2242 1437 2271 Petrum
1463 2241 1503 2271 de
1521 2241 1661 2275 Artisio,
1679 2249 1750 2270 can.
1767 2241 1932 2277 Anicien.,
1949 2240 2095 2270 thesaur.

506 2299 684 2329 comitatus
700 2297 896 2328 Venaissini
920 2305 980 2335 pro
1001 2296 1033 2327 S.
1054 2296 1149 2326 Rom.
1168 2295 1270 2328 Eccl.‚
1290 2295 1328 2324 de
1352 2294 1532 2332 arreragiis
1551 2303 1611 2324 seu
1630 2295 1731 2324 restis
1748 2294 1872 2324 debitis
1889 2293 2098 2324 thesaurarie

506 2351 705 2390 Venaysini,
727 2353 794 2380 tam
820 2350 859 2380 de
876 2351 1025 2388 tempore
1050 2349 1173 2387 quond.
1200 2348 1288 2378 dom.
1312 2339 1488 2378 Guillelmi
1509 2347 1547 2377 de
1569 2347 1761 2382 Granholis,
1784 2346 1866 2377 olim
1890 2347 1970 2377 dicti
1998 2346 2099 2376 comi-

506 2406 596 2434 tatus
618 2404 782 2439 thesaur.,
801 2402 1053 2442 predecessoris
1079 2402 1155 2437 mei,
1175 2409 1275 2440 quam
1291 2402 1442 2439 tempore
1459 2400 1765 2430 administrationis
1782 2408 1855 2430 mee
1872 2400 1906 2430 in
1923 2400 2011 2430 dicto
2027 2399 2098 2429 offi-

507 2457 569 2493 cio,
587 2466 650 2496 que
670 2457 818 2487 nondum
842 2464 1036 2494 receperam
1063 2455 1196 2494 quando
1210 2453 1341 2484 reddidi
1360 2453 1524 2483 rationem
1541 2453 1681 2483 Camere
1698 2453 1786 2483 dom.
1805 2453 1912 2483 nostri
1933 2461 2029 2491 pape,
2046 2461 2099 2482 us-

506 2519 570 2549 que
589 2510 629 2540 ad
654 2510 722 2540 kal.
738 2509 866 2539 mensis
884 2508 1045 2539 februarii
1063 2508 1143 2538 anni
1162 2506 1203 2537 ab
1217 2507 1450 2538 Incarnatione
1467 2506 1603 2536 Domini
1619 2506 1912 2537 MCCCXXXVII.
1928 2506 1969 2536 Et
1987 2506 2098 2544 primo

507 2564 546 2593 de
562 2564 664 2594 restis
686 2562 933 2601 arreragiorum
961 2561 1000 2591 de
1024 2563 1176 2599 tempore
1193 2560 1273 2590 dicti
1290 2560 1378 2590 dom.
1397 2559 1572 2590 Guillelmi
1593 2559 1773 2598 quondam.
1795 2569 1809 2588 »
1832 2560 1884 2598 (Α.
1903 2560 1952 2596 53,
1978 2558 2000 2588 f.
2018 2560 2096 2594 317;

505 2617 554 2647 De
578 2617 681 2655 Loye,
700 2615 755 2645 Les
771 2615 917 2645 Arelzives
933 2614 968 2644 de
986 2614 1015 2643 la
1035 2613 1184 2644 chambre
1202 2617 1314 2653 apost„
1331 2621 1362 2651 p.
1379 2614 1464 2650 201.)

551 2667 661 2698 7623.
679 2687 716 2690 -
730 2669 923 2707 Sequuntur
940 2667 1110 2706 arreragia
1127 2668 1261 2705 recepta
1284 2675 1302 2696 a
1318 2666 1463 2696 diversis
1480 2666 1638 2696 clavariis
1655 2674 1714 2705 pro
1731 2665 2023 2696 administratione
2040 2673 2097 2694 an·

506 2732 626 2753 norum
658 2722 927 2761 praeteritorum3
960 2728 1089 2750 necnon
1120 2719 1232 2750 debita
1261 2719 1413 2758 quaedam
1437 2728 1454 2749 a
1486 2719 1587 2749 certis
1619 2718 1775 2758 personis
1804 2718 1923 2748 soluta.
1946 2718 1997 2757 (A.
2015 2719 2063 2752 53,
2079 2726 2097 2747 a

507 2776 529 2806 f.
567 2778 602 2806 17
618 2776 659 2805 ad
676 2775 697 2805 f.
717 2776 786 2805 322.

545 2778 658 2856 37624.
677 2845 714 2850 —-
729 2774 843 2858 Cod)ex
858 2826 912 2857 cui
926 2826 1047 2857 titulus
1064 2826 1114 2856 est
1134 2837 1139 2855 z
1161 2836 1175 2855 «
1193 2825 1278 2855 Anni
1292 2825 1473 2855 XXXVIII.
1492 2835 1554 2854 »—
1572 2835 1586 2854 «
1605 2825 1643 2854 In
1657 2824 1791 2854 nomine
1808 2823 1956 2853 Domini.
1974 2823 2094 2852 Amen.

506 2882 576 2912 Hec
591 2882 642 2911 est
667 2881 753 2911 ratio
770 2880 841 2910 sive
859 2880 1034 2918 compotus
1051 2879 1129 2915 mei,
1148 2878 1239 2909 Petri
1258 2878 1297 2909 de
1313 2878 1451 2914 Artisio,
1470 2886 1540 2907 can.
1558 2877 1723 2910 Anicien.‚
1747 2876 1894 2906 thesaur.
1916 2875 2095 2905 comitatus

506 2933 694 2973 Venaysini
712 2942 771 2972 pro
789 2933 822 2963 S.
839 2933 938 2963 Rom.
958 2931 1063 2968 Eccl„
1079 2932 1119 2962 de
1138 2931 1431 2961 administratione
1453 2930 1554 2960 unius
1571 2929 1649 2960 anni
1666 2928 1791 2959 initiati
1809 2937 1827 2958 a
1844 2928 1912 2958 kal.
1930 2926 1994 2958 feb.
2015 2927 2093 2956 anni
