2376 3334
94 229 249 260 HifiNED.
276 227 339 257 XII
357 243 392 246 —
411 222 617 253 LITTERAE
640 218 891 253 count'xlcs,
917 215 997 246 SEU
1023 213 1313 245 btx'littSARt‘M
1343 209 1603 241 isolssnlttssn.
1630 224 1665 228 —-
1687 206 1795 237 ANNI
1819 207 1861 235 lv
1887 207 2005 242 (1338,
2048 207 2086 235 99

107 320 206 345 batum
227 311 408 345 Avenione.

142 525 156 550 4
174 531 206 554 tlt
223 524 301 553 uon.)
316 528 377 554 apr.

170 568 199 593 T.
218 566 285 592 XXX
305 566 348 598 tle.

157 736 226 760 81κί
243 732 291 765 iil.)
306 739 366 766 apr.

210 778 239 805 T.
259 778 311 802 (lc.

212 1101 246 1128 14
266 1108 326 1134 apr.

133 1152 219 1180 (xvnl
238 1145 296 1171 kal.
315 1141 407 1177 maii.)

207 1190 236 1216 T.
259 1188 327 1215 XVI.

218 1470 250 1496 15
266 1476 326 1503 apr.

143 1522 217 1546 (xvn
236 1513 293 1540 kal.
312 1512 406 1544 maii.)

224 2053 261 2079 20
280 2060 342 2086 apr.

163 2099 216 2133 (xii
233 2096 290 2123 kal.
311 2094 403 2129 maii.)

226 2318 265 2345 22
284 2325 344 2351 apr.

181 2364 206 2396 (x
223 2362 280 2389 kal.
300 2359 392 2391 maii.)

232 2406 261 2432 T.
285 2405 338 2431 XX.

173 2846 203 2872 lli
225 2854 247 2871 s.
265 2861 298 2865 —
313 2846 342 2871 T.
364 2845 419 2871 XX.

497 415 545 443 ter
571 412 799 449 occupantem,
831 409 865 438 ut
894 407 981 436 infra
1007 415 1048 435 xr.
1068 405 1140 434 dies
1160 405 1265 442 apost.
1290 402 1482 440 conspectui
1511 411 1545 430 se
1575 400 1764 438 pia—senten
1792 398 1894 427 citare
1918 398 2085 435 procuret.

499 466 551 504 (A.
565 466 615 496 52.
637 464 657 493 f.
682 465 716 493 10
732 460 897 497 x⁰(1·ub.);
924 459 956 489 V.
976 459 1183 493 ›125‚11.32‹5;
1201 457 1241 485 cf.
1262 465 1290 485 ιι.
1309 456 1400 489 6908,
1421 455 1510 489 6301,
1531 454 1634 488 6327.)

543 515 652 545 (3273.
680 533 706 537 -
724 513 914 550 Quictantia
938 512 1028 546 2000
1047 509 1169 540 mari-11.
1199 508 1350 545 sterling.
1376 516 1458 545 arg„
1477 516 1535 536 seu
1554 506 1646 541 9,000
1673 505 1744 534 ilor-
1765 503 1837 533 auri
1856 511 1913 540 per
1937 502 2086 535 Petrum,

501 570 676 609 Aragonize
695 570 726 598 et
748 566 910 597 Sardiniae
931 574 967 595 ac
986 563 1129 594 Corsicae
1149 570 1271 600 regom,
1290 561 1436 589 (lamera)
1463 560 1568 597 apost.
1593 558 1792 591 solutorum,
1816 555 1944 585 ratione
1971 561 2090 583 census

500 632 599 663 quem
621 622 653 651 in
675 621 857 651 festivitate
874 628 900 648 s.
919 626 944 647 s.
965 618 1071 655 apost.
1091 614 1180 645 Petri
1205 616 1235 643 et
1255 612 1349 642 Pauli
1374 613 1502 641 solvere
1523 613 1653 641 tenetur
1672 619 1730 648 pro
1757 617 1858 647 regno
1877 606 2041 638 Sardiniae
2059 607 2092 635 et

500 676 644 707 Corsicae
662 673 749 712 quod
765 682 783 702 a
800 672 837 702 P.
854 672 889 701 P.
907 671 997 701 tenet
1014 669 1047 698 in
1065 668 1211 698 feudum.
1230 666 1281 703 (A.
1298 667 1346 700 52,
1365 665 1385 694 ι’.
1402 666 1460 694 242
1479 670 1524 699 v03
1552 663 1582 692 V.
1600 665 1667 698 125,
1687 672 1718 692 ιι.
1736 663 1819 698 237.)

546 725 655 756 6274.
676 744 711 748 -
728 723 932 756 Constitutio
949 722 988 751 ad
1001 731 1091 761 perp.
1113 721 1155 748 rai
1174 718 1359 753 memoriam,
1380 718 1465 747 circa
1483 717 1641 755 majtuem
1661 718 1691 746 et
1710 715 1859 744 minores
1880 711 2092 751 poenitentia-

503 782 583 817 rios,
614 789 650 810 ac
675 779 868 817 scriptores,
895 776 1129 815 procuratores
1152 775 1355 809 ueteresque
1385 771 1558 800 ministros
1584 768 1844 798 Pwuitentiariae
1872 767 1996 804 apost:
2019 773 2093 793 cum

503 834 689 864 insertione
703 831 972 870 juramentorum
989 827 1029 858 ab
1044 835 1158 857 eorum
1180 824 1330 864 quolibet.
1349 823 1626 861 prustandurum.
1650 822 1737 850 Inter
1756 828 1839 858 quos
1854 825 2092 848 connumeran-

505 889 582 918 tur:
603 886 715 916 doctor
735 884 775 913 ad
792 881 1054 913 examinandum
1079 879 1259 918 petitiones
1278 879 1308 907 et
1326 876 1457 906 litteras
1474 875 1568 904 dictae
1585 873 1856 906 l’oenilentiuriw,
1877 871 1964 900 alius
1981 870 2020 899 ad
2045 878 2093 898 re-

506 939 709 978 cipiendum,
728 937 815 966 alius
837 935 877 965 ad
893 933 1138 972 corrigendum,
1157 931 1244 961 alius
1257 930 1297 959 ad
1313 928 1531 968 sigillandum
1549 927 1682 957 easdem
1698 926 1839 960 litteras,
1856 921 2096 962 poenitentiarii

507 1000 639 1032 quoque
656 992 687 1021 et
704 988 954 1023 distributores,
972 995 1008 1016 ac
1031 985 1214 1023 scriptores
1234 985 1265 1013 et
1282 983 1516 1021 procuratores
1534 979 1697 1018 praedicti.
1718 979 1769 1017 [A.
1785 978 1834 1013 85,
1852 977 1872 1006 f,
1889 978 1959 1012 1933
1978 975 2009 1005 V.
2031 975 2097 1010 126,

509 1055 540 1076 n.
558 1047 612 1078 93;
634 1043 714 1073 Ball.
736 1043 835 1078 Rom„
854 1041 913 1077 III,
937 1050 971 1078 ιι,
991 1048 1021 1078 p.
1047 1040 1119 1073 259;
1140 1036 1281 1071 Denitle,
1297 1034 1411 1064 Archiv
1427 1034 1481 1073 fiir
1498 1033 1676 1066 Litteralur,
1704 1040 1790 1069 1v,p.
1812 1031 1894 1066 209.)

554 1094 663 1125 (3275.
684 1113 719 1118 —
739 1094 958 1126 Constczntien>⁷
974 1097 1000 1121 et
1016 1090 1177 1126 Basiliam,
1190 1099 1224 1118 ac
1238 1087 1359 1118 Curien.
1378 1088 1469 1127 epjs,
1486 1085 1596 1116 mand.
1614 1085 1697 1114 utin
1710 1082 1904 1113 civitatibus
1919 1083 1950 1111 et
1967 1081 2011 1110 di.
2031 1080 2102 1109 suis

510 1151 629 1181 diebus
653 1148 831 1179 dominicis
850 1149 881 1177 et
909 1145 1053 1180 festivis,
1073 1143 1217 1182 pulsatis
1236 1141 1409 1179 campanis
1429 1142 1459 1170 et
1485 1138 1634 1169 candelis
1651 1136 1813 1172 accensis,
1833 1133 2102 1165 excommunica-

510 1206 562 1234 tos
579 1202 712 1242 publice
731 1201 889 1231 nuncient
905 1198 983 1228 illos
1005 1197 1062 1236 qui
1080 1196 1280 1235 Gregorium
1304 1195 1343 1224 de
1370 1194 1552 1231 Capronsa,
1575 1190 1794 1229 praepositum
1811 1188 1890 1218 eccl.
1911 1187 2102 1221 Chashren„

511 1255 706 1295 Zagrabien.
726 1255 783 1289 di.5
804 1262 862 1292 per
879 1251 1049 1286 Carolum,
1065 1258 1176 1288 regem
1197 1247 1389 1286 Hungariie,
1408 1246 1449 1276 ad
1465 1246 1502 1275 P.
1524 1245 1560 1274 Ρ.
1581 1243 1773 1282 specialiter
1791 1241 1996 1271 destinatum
2015 1240 2046 1269 et
2065 1239 2104 1268 de

527 1312 609 1340 lom.
628 1308 719 1339 curia
736 1307 775 1337 ad
792 1306 905 1345 partes
920 1304 1013 1343 regni
1025 1302 1206 1341 Hungariae
1221 1301 1428 1334 redeuntem,
1447 1299 1604 1336 ceperunt
1620 1298 1650 1326 et
1665 1295 1906 1334 spoliaverunt,
1924 1293 2010 1322 iuter
2023 1299 2106 1330 quos

512 1364 659 1393 Joannes
680 1359 829 1398 Dapifer,
856 1357 954 1388 miles
976 1355 1205 1387 Constantien.
1235 1354 1294 1388 di.‚
1316 1351 1515 1391 principalis
1534 1349 1661 1380 existit.
1682 1349 1735 1387 (A.
1761 1349 1809 1385 85,
1839 1347 1858 1376 1'.
1881 1347 1957 1381 1893
1986 1344 2017 1374 V.
2038 1345 2105 1381 126,

515 1425 546 1446 ιι.
565 1417 622 1450 83;
643 1413 800 1447 Theiner,
816 1409 1069 1448 Monmn.llu›19.
1091 1419 1111 1444 ι,
1131 1417 1162 1446 p.
1183 1407 1268 1444 621.)

559 1465 668 1496 6276.
694 1484 730 1487 —
752 1465 836 1504 Epo
852 1463 1056 1498 Scardonen.,
1086 1464 1112 1490 et
1132 1459 1247 1489 archid.
1268 1457 1443 1498 Spalalen„
1468 1467 1502 1485 ac
1530 1455 1690 1495 Stephano
1713 1453 1880 1488 Michaelis,
1901 1462 1968 1481 can.
1994 1450 2108 1489 Traqu-

516 1523 605 1557 rien.‚
627 1520 738 1550 mand.
764 1519 799 1548 ut
825 1517 928 1548 citent
943 1513 1189 1553 Lampridium,
1209 1520 1322 1551 epum
1345 1510 1555 1549 Tragurien„
1575 1510 1611 1538 ut
1629 1509 1736 1546 apost.
1761 1505 1952 1545 conspectui
1973 1513 2007 1534 se
2028 1512 2108 1542 pree-

519 1575 639 1605 sentet.
652 1573 702 1603 Ex
722 1570 884 1601 relatione
897 1569 985 1599 enim
1005 1568 1259 1606 procuratorum
1273 1566 1303 1594 et
1316 1564 1534 1603 syndicorum
1547 1561 1686 1592 Joannis
1698 1558 1901 1594 Mauroceni,
1918 1557 2062 1591 comitis,
2077 1557 2109 1586 et

514 1628 678 1667 judicum,
697 1623 968 1655 consiliariorum
987 1623 1018 1651 et
1035 1619 1268 1650 universitatis
1286 1617 1377 1647 civit.
1394 1616 1603 1654 'l'ragurie11.‚
1625 1615 1753 1644 constat
1770 1612 1858 1651 quod
1875 1611 1984 1641 dictus
1999 1618 2107 1648 epus,

519 1682 683 1715 intrusus,
703 1675 953 1707 incontinentiae
978 1674 1060 1703 vitio
1083 1672 1225 1707 laborat,
1250 1670 1435 1700 alienarum
1454 1668 1646 1706 nuptiarum
1669 1666 1825 1705 publicus
1845 1664 1987 1694 violator
2011 1663 2061 1692 est
2078 1663 2110 1691 et

488 1734 490 1740 “
520 1743 594 1764 cum
612 1731 735 1762 vilibus
753 1732 784 1760 et
808 1727 974 1767 suspectis
991 1724 1193 1756 mulieribus
1210 1724 1313 1753 vitam
1329 1722 1420 1752 ducit
1437 1721 1620 1752 enormiter
1636 1719 1847 1751 dissolutam,
1864 1719 1896 1747 et
1914 1716 2001 1755 quod
2019 1715 2110 1745 exis-

518 1787 558 1817 tit
585 1785 749 1815 bonorum
777 1782 872 1812 dictae
898 1780 977 1810 eccl.
1010 1777 1225 1816 dilapidator,
1252 1785 1288 1805 ac
1315 1775 1470 1814 publicus
1495 1773 1674 1808 homicida,
1702 1772 1846 1801 Bosnen.
1877 1768 2110 1799 haereticorum

521 1840 642 1873 fautor,
665 1836 810 1867 simonia
831 1836 862 1864 et
880 1833 957 1863 aliis
983 1830 1182 1862 criminibus
1207 1829 1370 1864 irretitus
1395 1835 1613 1857 censurarum
1632 1823 1937 1855 ecclesiasticarum
1956 1820 2109 1856 violator,

522 1899 692 1922 sacrorum
719 1887 956 1927 prophanator,
975 1883 1219 1915 sententiarum
1242 1882 1282 1912 ab
1302 1881 1470 1918 archiepo
1488 1879 1656 1917 Spalaten.
1675 1879 1706 1907 et
1724 1886 1742 1906 a
1758 1876 1841 1907 Sede
1860 1876 1978 1913 Apost.
1997 1874 2111 1903 contra

522 1945 631 1983 ipsam
647 1942 855 1981 prolatarum
876 1938 1095 1976 contemptor,
1119 1938 1149 1966 et
1169 1936 1200 1965 in
1226 1934 1431 1965 contumatia
1452 1932 1619 1962 obstinata
1643 1930 1804 1960 existens.
1827 1928 1879 1968 (A.
1907 1929 1956 1964 52,
1982 1926 2003 1956 f.
2027 1927 2062 1956 10
2080 1929 2113 1954 v⁰

524 1997 640 2036 (rub.);
667 1995 696 2026 V.
718 1996 785 2030 125,
802 2002 833 2023 n.
849 1994 921 2028 3313
941 1990 1096 2025 Theiner,
1117 1989 1248 2018 illommz.
1270 1987 1356 2016 Slcw.
1375 1985 1482 2016 φησι-ἰοί.
1505 1995 1525 2020 ι,
1541 1993 1571 2023 p.
1595 1986 1675 2020 199.)

568 2047 677 2078 6277.
698 2065 734 2068 —
756 2047 926 2076 Lauscmen.
953 2048 979 2074 et
1004 2043 1172 2074 Gebennen.
1192 2041 1277 2080 elm's,
1297 2039 1408 2070 mand.
1427 2040 1462 2069 ut
1478 2037 1621 2068 Martino
1640 2037 1679 2066 de
1694 2035 1800 2070 Zinal,
1820 2042 1891 2064 can.
1912 2031 2114 2066 XVarmien„

525 2105 640 2134 contra
657 2101 857 2132 Marinetum
880 2099 919 2128 de
936 2096 1066 2132 Chabli,
1089 2095 1303 2128 familiarem,
1323 2095 1353 2123 et
1375 2092 1537 2131 quosdam
1558 2090 1642 2120 alios
1660 2088 1814 2119 subditos
1831 2086 1906 2116 nob.
1924 2083 2114 2119 Humberti,

525 2155 685 2194 Dalpbini
712 2151 927 2187 Viennensis,
947 2150 1004 2189 qui
1022 2149 1149 2179 dictum
1166 2156 1237 2178 can.
1257 2148 1287 2177 et
1309 2146 1419 2176 socios
1444 2145 1483 2174 de
1504 2143 1596 2174 curia
1618 2143 1713 2172 Rom.
1737 2142 1777 2171 ad
1796 2141 1908 2178 partes
1933 2146 2012 2168 suas
2030 2145 2117 2166 rece-

525 2210 642 2239 dentes
658 2206 828 2246 ceperrmt,
846 2204 1036 2243 spoliarunt
1054 2203 1085 2232 et
1102 2201 1253 2240 captivos
1272 2199 1488 2229 detinuerunt
1508 2196 1631 2227 faciant
1654 2194 1794 2234 justitiae
1821 2191 2115 2230 complementum.

528 2262 580 2300 (A.
597 2262 646 2296 52,
664 2260 686 2291 f.
708 2261 744 2290 10
758 2263 791 2288 v⁰
806 2257 921 2297 (rub.);
945 2255 977 2286 V.
999 2256 1066 2291 125,
1085 2263 1116 2284 n.
1138 2254 1221 2290 330.)

531 2339 537 2345 .
572 2311 680 2342 6278.
700 2331 736 2335 —
754 2311 831 2342 Abb.
857 2314 983 2339 monast.
1001 2309 1032 2337 in
1055 2306 1172 2343 Bellile,
1192 2305 1336 2335 Basilien.
1355 2305 1411 2340 di.,
1431 2308 1457 2333 et
1470 2311 1570 2342 praep.
1592 2312 1615 2330 s.
1637 2299 1790 2330 Lecnardi
1808 2296 1967 2330 Basilien..
1987 2305 2021 2324 ac
2038 2294 2118 2324 selio-

528 2368 597 2398 [αεὶ.
620 2365 691 2396 eccl.
712 2375 735 2394 s.
765 2364 881 2394 Thomas
901 2361 1114 2402 Arqentinen„
1135 2359 1246 2390 mand.
1271 2360 1305 2389 ut
1322 2358 1424 2388 citent
1448 2354 1672 2395 personaliter
1702 2360 1847 2391 nequam
1868 2348 2059 2380 Conradum
2078 2347 2117 2376 de

529 2420 660 2456 Kirkel,
686 2418 833 2449 thesaur.
852 2417 883 2446 et
901 2424 971 2446 can.
994 2413 1227 2453 Argentfflen„
1247 2412 1286 2442 de
1304 2409 1508 2449 patrimonio
1525 2406 1686 2438 Crucissxi
1703 2405 1846 2435 ditatum
1863 2404 1894 2433 et
1912 2401 1993 2432 vitio
2008 2401 2119 2439 ingra-

527 2473 682 2504 titudinis
708 2470 924 2504 labefactum,
943 2468 1050 2506 apost.
1078 2465 1271 2504 conspectui
1289 2472 1326 2494 se
1345 2463 1626 2502 praesentaturum
1648 2460 1680 2489 et
1703 2458 1869 2488 facturum
1890 2455 1977 2495 quod
1988 2452 2122 2493 justitia

529 2525 694 2557 suadebit.
705 2524 781 2562 Ipse
793 2522 882 2553 enim
894 2520 1112 2552 Bertboldum
1125 2527 1237 2557 epum
1254 2516 1428 2556 Argentin.
1439 2514 1687 2545 benefactorem
1699 2519 1799 2541 suum
1815 2510 1849 2539 in
1865 2508 1947 2538 villa
1957 2506 2035 2537 eccl.
2052 2513 2120 2535 suae

529 2577 696 2610 Haselach
711 2576 902 2614 nuncupata
921 2576 997 2605 tunc
1014 2573 1200 2603 morantem
1218 2573 1249 2601 et
1264 2570 1297 2600 in
1314 2570 1400 2599 lecto
1416 2566 1666 2598 recumbentem
1683 2564 1755 2603 capi
1769 2564 1801 2593 et
1818 2562 1859 2593 ad
1876 2561 1984 2591 castra
1999 2559 2120 2589 amico-

529 2641 605 2662 rum
630 2638 767 2661 suorum
789 2628 907 2659 deduci
927 2627 1015 2662 fecit,
1034 2626 1147 2664 ipsum
1165 2625 1197 2654 et
1225 2622 1411 2653 familiares
1434 2620 1517 2659 ejus,
1538 2618 1646 2658 equis,
1670 2616 1820 2647 denariis
1838 2616 1869 2645 et
1887 2612 2020 2644 annulis
2038 2620 2121 2650 prze-

530 2685 629 2715 tiosis
646 2692 683 2714 ac
699 2682 777 2712 aliis
798 2681 899 2712 rebus
917 2679 1104 2718 spoliando,
1123 2686 1181 2707 nec
1199 2685 1274 2707 eum
1292 2674 1457 2705 relaxavit
1475 2673 1539 2702 nisi
1557 2671 1619 2702 sub
1635 2667 1921 2709 promissionibus
1942 2667 1974 2696 et
1996 2664 2123 2702 obliga-

532 2736 682 2768 tionibus
698 2735 786 2774 quod
800 2734 910 2764 dictus
928 2732 1102 2763 Conradus
1119 2732 1150 2760 et
1165 2729 1222 2760 alii
1240 2728 1312 2767 ejus
1325 2726 1504 2766 complices
1521 2725 1695 2755 indemnes
1708 2731 1726 2752 a
1740 2727 1950 2760 quacumque
1968 2716 2124 2747 molestia

533 2790 760 2821 servarentur.
779 2787 831 2826 (A.
851 2787 901 2822 85,
922 2785 945 2816 f.
966 2786 1037 2821 1863
1064 2783 1096 2813 V.
1123 2784 1190 2819 126,
1210 2791 1241 2812 n.
1260 2783 1312 2817 773
1333 2779 1478 2815 Riezler,
1496 2787 1528 2808 n.
1549 2776 1652 2814 1945.)

579 2839 688 2870 6279.
716 2858 752 2862 -
778 2838 913 2874 Eisdem,
932 2837 1044 2868 mand.
1063 2837 1100 2867 ut
1118 2836 1224 2866 dictas
1245 2833 1489 2873 promissiones
1508 2832 1540 2861 ct
1558 2828 1781 2868 obligationes
1802 2824 1965 2859 relaxent,
1991 2823 2023 2852 et
2042 2820 2123 2850 inhi-

535 2896 634 2926 beant
650 2894 758 2925 eidem
782 2901 856 2932 ep.o
880 2891 1098 2931 Argentinen.
1116 2890 1148 2919 et
1165 2885 1434 2927 fidejussoribus,
1453 2883 1515 2914 sub
1535 2891 1630 2922 poena
1657 2881 1723 2919 ipsi
1740 2888 1827 2918 ep.o,
1844 2878 1872 2907 si
1893 2884 1989 2906 secus
2005 2872 2121 2912 egerit,
