2376 3334
71 360 146 393 Dies
168 357 397 402 obliyatz'onis.

157 462 238 488 Mart.
260 460 309 486 253.

170 567 242 601 ΑΨ.
264 566 292 592 2.

147 612 210 645 (x1x
229 611 320 644 card.)

173 727 242 760 Apr.
263 727 290 752 9.

164 991 233 1025 Apr.
250 991 298 1018 25.

596 272 918 304 OBLIGATIONES
942 272 1261 304 PRAELATURUM
1285 274 1395 305 ANNI
1421 275 1514 305 1342
2007 275 2065 305 435

1899 424 1971 450 Flor·
1991 423 2063 450 auri.

483 462 662 499 Willelmus,
680 471 775 501 ep.us
793 462 826 493 S.
845 463 986 493 Andreae
1004 463 1037 492 in
1057 463 1179 493 Scotia.
1202 465 1322 502 (9262)
1341 488 1928 498 ................
1972 468 2065 505 3‚000

473 515 623 554 Amyclas,
644 515 719 546 abb.
734 517 879 546 monast.
898 515 938 545 de
953 515 1138 552 Casamari,
1153 517 1223 547 ord.
1243 517 1339 553 Cist„
1355 518 1513 548 Verulan.
1531 519 1575 549 di.
1594 519 1718 558 (9271)
1734 542 1924 552 ......
2005 522 2064 551 400

472 568 632 604 Silvester,
649 577 750 608 praep.
770 568 882 600 saecul.
903 568 983 599 eccl.
999 568 1183 607 collegiata}
1200 570 1376 601 Canusinae
1393 571 1426 601 in
1444 572 1580 610 Apulia.
1601 572 1721 611 (9266)
1740 595 1931 604 ......
2026 574 2064 604 50

553 676 618 706 Pro
635 675 774 707 Nicolao
791 675 957 714 praedeces
962 697 1928 710 ..........................
2025 681 2065 710 50

475 728 587 764 Guido,
603 737 699 767 ep.us
715 728 843 759 Callen.
863 727 897 758 in
914 728 1064 758 Marchia
1079 729 1277 759 Anconitan.
1297 731 1419 768 (9265)
1429 753 1927 763 ..............
2007 733 2064 763 100

473 781 626 818 Andreas,
643 781 738 813 elect.
760 781 950 820 archiep.us
965 781 1109 811 Tranen.
1129 783 1248 820 (9268)
1256 805 1926 816 ...................
1973 786 2064 822 1‚000

473 835 594 871 Petrus,
613 843 710 874 ep.us
730 835 910 873 Lincopen.
932 834 966 864 in
981 834 1107 865 Suetia.
1123 834 1245 873 (9261)
1264 859 1928 869 ..................
2005 838 2065 869 660

473 887 591 925 Helias,
612 888 803 926 arcl1iep.us
821 887 985 927 Ragusin.
1003 887 1037 917 in
1052 887 1232 918 Dalmatia.
1252 888 1374 927 (9264)
1382 911 1928 922 ...............
2006 891 2065 922 200

475 941 643 978 Preezlaus,
661 949 757 980 ep.us
772 940 1025 971 Wlatislavien.
1047 940 1080 970 in
1098 940 1249 971 Polonia.
1269 941 1389 979 (9260)
1396 964 1929 975 ...............
1973 944 2065 978 4,000

555 1004 570 1024 <‹
589 995 685 1025 Circa
700 994 816 1024 horam
832 1002 1031 1032 vesprorum
1045 993 1289 1024 Sanctissimus
1306 994 1405 1025 Pater
1420 996 1452 1025 et
1469 995 1626 1025 dominus
1643 995 1846 1027 Benedictus
1862 996 1928 1026 PP.

595 1047 814 1079 duodecimus
829 1047 869 1077 ab
888 1046 948 1078 hac
967 1047 1039 1078 luce
1056 1046 1215 1086 migravit
1232 1047 1273 1077 ad
1289 1048 1486 1078 Dominum.
1507 1058 1521 1077 ›>
1540 1048 1576 1087 (f.
1597 1050 1679 1087 179.)
