<?xml version="1.0" encoding="UTF-8"?>
<!DOCTYPE html PUBLIC "-//W3C//DTD XHTML 1.0 Transitional//EN"
    "http://www.w3.org/TR/xhtml1/DTD/xhtml1-transitional.dtd">
<html xmlns="http://www.w3.org/1999/xhtml" xml:lang="en" lang="en">
 <head>
  <title>
</title>
<meta http-equiv="Content-Type" content="text/html;charset=utf-8" />
  <meta name='ocr-system' content='tesseract 3.04.00' />
  <meta name='ocr-capabilities' content='ocr_page ocr_carea ocr_par ocr_line ocrx_word'/>
</head>
<body>
  <div class='ocr_page' id='page_1' title='image "benotxii13341302cathuoft_0098.png"; bbox 0 0 2376 3334; ppageno 0'>
   <div class='ocr_carea' id='block_1_1' title="bbox 195 272 2068 313">
    <p class='ocr_par' dir='ltr' id='par_1_1' title="bbox 195 272 2068 313">
     <span class='ocr_line' id='line_1_1' title="bbox 195 272 2068 313; baseline 0.002 -12"><span class='ocrx_word' id='word_1_1' title='bbox 195 276 233 302; x_wconf 73' lang='lat'>88</span> <span class='ocrx_word' id='word_1_2' title='bbox 343 274 499 303; x_wconf 67' lang='lat' dir='ltr'>BENED.</span> <span class='ocrx_word' id='word_1_3' title='bbox 526 273 589 303; x_wconf 90' lang='lat' dir='ltr'>XII</span> <span class='ocrx_word' id='word_1_4' title='bbox 614 291 649 295; x_wconf 94' lang='lat'>—</span> <span class='ocrx_word' id='word_1_5' title='bbox 676 273 883 308; x_wconf 75' lang='lat' dir='ltr'>INDULTA,</span> <span class='ocrx_word' id='word_1_6' title='bbox 908 272 1284 304; x_wconf 57' lang='lat' dir='ltr'>DISPENSATIONES</span> <span class='ocrx_word' id='word_1_7' title='bbox 1308 273 1363 303; x_wconf 84' lang='lat' dir='ltr'>ET</span> <span class='ocrx_word' id='word_1_8' title='bbox 1387 273 1657 303; x_wconf 74' lang='lat' dir='ltr'>PRIVIIAEGIA.</span> <span class='ocrx_word' id='word_1_9' title='bbox 1682 290 1719 294; x_wconf 97' lang='lat'><strong>—</strong></span> <span class='ocrx_word' id='word_1_10' title='bbox 1742 273 1852 304; x_wconf 91' lang='lat' dir='ltr'>ANNI</span> <span class='ocrx_word' id='word_1_11' title='bbox 1876 273 1921 304; x_wconf 89' lang='lat' dir='ltr'>IV</span> <span class='ocrx_word' id='word_1_12' title='bbox 1943 274 2068 313; x_wconf 85' lang='lat'>(1338)</span> 
     </span>
    </p>
   </div>
   <div class='ocr_carea' id='block_1_2' title="bbox 225 359 533 392">
    <p class='ocr_par' dir='ltr' id='par_1_2' title="bbox 225 359 533 392">
     <span class='ocr_line' id='line_1_2' title="bbox 225 359 533 392; baseline 0 -1"><span class='ocrx_word' id='word_1_13' title='bbox 225 366 325 391; x_wconf 65' lang='lat' dir='ltr'>Datum</span> <span class='ocrx_word' id='word_1_14' title='bbox 353 359 533 392; x_wconf 73' lang='lat' dir='ltr'>Arenione.</span> 
     </span>
    </p>
   </div>
   <div class='ocr_carea' id='block_1_3' title="bbox 266 465 494 579">
    <p class='ocr_par' dir='ltr' id='par_1_3' title="bbox 266 465 494 579">
     <span class='ocr_line' id='line_1_3' title="bbox 322 465 440 499; baseline 0.008 -9"><span class='ocrx_word' id='word_1_15' title='bbox 322 465 359 491; x_wconf 76' lang='lat'>30</span> <span class='ocrx_word' id='word_1_16' title='bbox 380 474 440 499; x_wconf 81' lang='lat' dir='ltr'>apr.</span> 
     </span>
     <span class='ocr_line' id='line_1_4' title="bbox 266 510 494 543; baseline 0 -7"><span class='ocrx_word' id='word_1_17' title='bbox 266 514 298 543; x_wconf 81' lang='grc' dir='ltr'>(ιι</span> <span class='ocrx_word' id='word_1_18' title='bbox 321 511 377 536; x_wconf 80' lang='lat' dir='ltr'>kal.</span> <span class='ocrx_word' id='word_1_19' title='bbox 401 510 494 543; x_wconf 73' lang='lat' dir='ltr'>maii.)</span> 
     </span>
     <span class='ocr_line' id='line_1_5' title="bbox 341 554 417 579; baseline 0 0"><span class='ocrx_word' id='word_1_20' title='bbox 341 554 369 579; x_wconf 74' lang='lat' dir='ltr'>T.</span> <span class='ocrx_word' id='word_1_21' title='bbox 388 555 417 579; x_wconf 75' lang='lat' dir='ltr'>X.</span> 
     </span>
    </p>
   </div>
   <div class='ocr_carea' id='block_1_4' title="bbox 252 677 499 704">
    <p class='ocr_par' dir='ltr' id='par_1_4' title="bbox 252 677 499 704">
     <span class='ocr_line' id='line_1_6' title="bbox 252 677 499 704; baseline -0.008 0"><span class='ocrx_word' id='word_1_22' title='bbox 252 678 284 704; x_wconf 87' lang='lat' dir='ltr'>Ul</span> <span class='ocrx_word' id='word_1_23' title='bbox 305 688 325 703; x_wconf 69' lang='lat' dir='ltr'>s.</span> <span class='ocrx_word' id='word_1_24' title='bbox 350 691 380 695; x_wconf 94' lang='lat'><strong>—</strong></span> <span class='ocrx_word' id='word_1_25' title='bbox 398 677 426 703; x_wconf 77' lang='lat' dir='ltr'>T.</span> <span class='ocrx_word' id='word_1_26' title='bbox 447 677 499 702; x_wconf 72' lang='lat' dir='ltr'>xl..</span> 
     </span>
    </p>
   </div>
   <div class='ocr_carea' id='block_1_5' title="bbox 284 943 478 1012">
    <p class='ocr_par' dir='ltr' id='par_1_5' title="bbox 284 943 478 1012">
     <span class='ocr_line' id='line_1_7' title="bbox 284 943 478 973; baseline -0.005 -4"><span class='ocrx_word' id='word_1_27' title='bbox 284 945 294 969; x_wconf 86' lang='grc' dir='ltr'><em>Ι</em></span> <span class='ocrx_word' id='word_1_28' title='bbox 316 943 384 973; x_wconf 79' lang='lat' dir='ltr'>(kal.</span> <span class='ocrx_word' id='word_1_29' title='bbox 404 943 478 968; x_wconf 77' lang='lat' dir='ltr'>maii.</span> 
     </span>
     <span class='ocr_line' id='line_1_8' title="bbox 306 987 449 1012; baseline -0.007 0"><span class='ocrx_word' id='word_1_30' title='bbox 306 988 334 1012; x_wconf 88' lang='lat' dir='ltr'>T.</span> <span class='ocrx_word' id='word_1_31' title='bbox 359 987 449 1012; x_wconf 72' lang='lat' dir='ltr'>XXIV.</span> 
     </span>
    </p>
   </div>
   <div class='ocr_carea' id='block_1_6' title="bbox 339 1472 418 1498">
    <p class='ocr_par' dir='ltr' id='par_1_6' title="bbox 339 1472 418 1498">
     <span class='ocr_line' id='line_1_9' title="bbox 339 1472 418 1498; baseline 0.013 -1"><span class='ocrx_word' id='word_1_32' title='bbox 339 1472 371 1497; x_wconf 84' lang='lat' dir='ltr'>Ut</span> <span class='ocrx_word' id='word_1_33' title='bbox 395 1480 418 1498; x_wconf 79' lang='lat' dir='ltr'>s.</span> 
     </span>
    </p>
   </div>
   <div class='ocr_carea' id='block_1_7' title="bbox 343 1630 417 1656">
    <p class='ocr_par' dir='ltr' id='par_1_7' title="bbox 343 1630 417 1656">
     <span class='ocr_line' id='line_1_10' title="bbox 343 1630 417 1656; baseline -0.014 0"><span class='ocrx_word' id='word_1_34' title='bbox 343 1630 377 1656; x_wconf 85' lang='lat' dir='ltr'>Ut</span> <span class='ocrx_word' id='word_1_35' title='bbox 396 1639 417 1656; x_wconf 88' lang='lat' dir='ltr'>s.</span> 
     </span>
    </p>
   </div>
   <div class='ocr_carea' id='block_1_8' title="bbox 268 1736 493 1761">
    <p class='ocr_par' dir='ltr' id='par_1_8' title="bbox 268 1736 493 1761">
     <span class='ocr_line' id='line_1_11' title="bbox 268 1736 493 1761; baseline 0 0"><span class='ocrx_word' id='word_1_36' title='bbox 268 1736 298 1761; x_wconf 75' lang='lat' dir='ltr'>Ut</span> <span class='ocrx_word' id='word_1_37' title='bbox 318 1744 339 1761; x_wconf 79' lang='lat' dir='ltr'>s.</span> <span class='ocrx_word' id='word_1_38' title='bbox 358 1751 393 1754; x_wconf 97' lang='lat'><strong>—</strong></span> <span class='ocrx_word' id='word_1_39' title='bbox 411 1736 439 1761; x_wconf 91' lang='lat' dir='ltr'>T.</span> <span class='ocrx_word' id='word_1_40' title='bbox 463 1736 493 1761; x_wconf 80' lang='lat' dir='ltr'>X.</span> 
     </span>
    </p>
   </div>
   <div class='ocr_carea' id='block_1_9' title="bbox 267 1894 493 1920">
    <p class='ocr_par' dir='ltr' id='par_1_9' title="bbox 267 1894 493 1920">
     <span class='ocr_line' id='line_1_12' title="bbox 267 1894 493 1920; baseline 0.004 -1"><span class='ocrx_word' id='word_1_41' title='bbox 267 1894 297 1919; x_wconf 73' lang='lat' dir='ltr'>[lt</span> <span class='ocrx_word' id='word_1_42' title='bbox 321 1902 342 1920; x_wconf 88' lang='lat' dir='ltr'>s.</span> <span class='ocrx_word' id='word_1_43' title='bbox 364 1909 398 1912; x_wconf 94' lang='lat'><strong>—</strong></span> <span class='ocrx_word' id='word_1_44' title='bbox 414 1894 443 1919; x_wconf 91' lang='lat' dir='ltr'>T.</span> <span class='ocrx_word' id='word_1_45' title='bbox 462 1894 493 1920; x_wconf 81' lang='lat' dir='ltr'>X.</span> 
     </span>
    </p>
   </div>
   <div class='ocr_carea' id='block_1_10' title="bbox 268 1998 489 2068">
    <p class='ocr_par' dir='ltr' id='par_1_10' title="bbox 268 1998 489 2068">
     <span class='ocr_line' id='line_1_13' title="bbox 268 1998 489 2033; baseline 0 -9"><span class='ocrx_word' id='word_1_46' title='bbox 268 1999 281 2024; x_wconf 84' lang='lat'><strong><em>7</em></strong></span> <span class='ocrx_word' id='word_1_47' title='bbox 307 1998 398 2033; x_wconf 86' lang='lat' dir='ltr'>(non.)</span> <span class='ocrx_word' id='word_1_48' title='bbox 414 2000 489 2025; x_wconf 79' lang='lat' dir='ltr'>maii.</span> 
     </span>
     <span class='ocr_line' id='line_1_14' title="bbox 341 2043 418 2068; baseline 0.013 -1"><span class='ocrx_word' id='word_1_49' title='bbox 341 2043 370 2068; x_wconf 83' lang='grc' dir='ltr'>Τ.</span> <span class='ocrx_word' id='word_1_50' title='bbox 388 2043 418 2068; x_wconf 84' lang='lat' dir='ltr'>X.</span> 
     </span>
    </p>
   </div>
   <div class='ocr_carea' id='block_1_11' title="bbox 342 2155 420 2181">
    <p class='ocr_par' dir='ltr' id='par_1_11' title="bbox 342 2155 420 2181">
     <span class='ocr_line' id='line_1_15' title="bbox 342 2155 420 2181; baseline 0 0"><span class='ocrx_word' id='word_1_51' title='bbox 342 2155 377 2181; x_wconf 90' lang='lat' dir='ltr'>Ut</span> <span class='ocrx_word' id='word_1_52' title='bbox 398 2164 420 2181; x_wconf 87' lang='lat' dir='ltr'>s.</span> 
     </span>
    </p>
   </div>
   <div class='ocr_carea' id='block_1_12' title="bbox 256 2419 513 2497">
    <p class='ocr_par' dir='ltr' id='par_1_12' title="bbox 256 2419 513 2497">
     <span class='ocr_line' id='line_1_16' title="bbox 256 2419 513 2453; baseline 0.004 -8"><span class='ocrx_word' id='word_1_53' title='bbox 256 2420 290 2445; x_wconf 72' lang='grc'>12</span> <span class='ocrx_word' id='word_1_54' title='bbox 311 2419 351 2453; x_wconf 72' lang='lat' dir='ltr'>(lv</span> <span class='ocrx_word' id='word_1_55' title='bbox 370 2419 421 2451; x_wconf 82' lang='lat' dir='ltr'>id.)</span> <span class='ocrx_word' id='word_1_56' title='bbox 438 2420 513 2446; x_wconf 81' lang='lat' dir='ltr'>maii.</span> 
     </span>
     <span class='ocr_line' id='line_1_17' title="bbox 282 2464 488 2497; baseline 0.005 -8"><span class='ocrx_word' id='word_1_57' title='bbox 282 2464 329 2491; x_wconf 74' lang='lat' dir='ltr'>Gr.</span> <span class='ocrx_word' id='word_1_58' title='bbox 350 2472 401 2497; x_wconf 87' lang='lat' dir='ltr'>pro</span> <span class='ocrx_word' id='word_1_59' title='bbox 422 2464 488 2490; x_wconf 86' lang='lat' dir='ltr'>Deo.</span> 
     </span>
    </p>
   </div>
   <div class='ocr_carea' id='block_1_13' title="bbox 282 2577 484 2691">
    <p class='ocr_par' dir='ltr' id='par_1_13' title="bbox 282 2577 484 2691">
     <span class='ocr_line' id='line_1_18' title="bbox 317 2577 447 2604; baseline 0.008 -1"><span class='ocrx_word' id='word_1_60' title='bbox 317 2577 357 2603; x_wconf 78' lang='lat'>29</span> <span class='ocrx_word' id='word_1_61' title='bbox 372 2579 447 2604; x_wconf 75' lang='lat' dir='ltr'>maii.</span> 
     </span>
     <span class='ocr_line' id='line_1_19' title="bbox 282 2621 484 2656; baseline 0 -9"><span class='ocrx_word' id='word_1_62' title='bbox 282 2624 323 2655; x_wconf 89' lang='lat' dir='ltr'>(1v</span> <span class='ocrx_word' id='word_1_63' title='bbox 340 2621 396 2648; x_wconf 81' lang='lat' dir='ltr'>kal.</span> <span class='ocrx_word' id='word_1_64' title='bbox 409 2622 484 2656; x_wconf 81' lang='lat' dir='ltr'>jun.)</span> 
     </span>
     <span class='ocr_line' id='line_1_20' title="bbox 345 2666 424 2691; baseline 0 0"><span class='ocrx_word' id='word_1_65' title='bbox 345 2666 374 2691; x_wconf 93' lang='lat' dir='ltr'>T.</span> <span class='ocrx_word' id='word_1_66' title='bbox 393 2666 424 2691; x_wconf 92' lang='lat' dir='ltr'>X.</span> 
     </span>
    </p>
   </div>
   <div class='ocr_carea' id='block_1_14' title="bbox 288 2735 479 2806">
    <p class='ocr_par' dir='ltr' id='par_1_14' title="bbox 288 2735 479 2806">
     <span class='ocr_line' id='line_1_21' title="bbox 288 2735 479 2770; baseline -0.005 -8"><span class='ocrx_word' id='word_1_67' title='bbox 288 2737 300 2762; x_wconf 78' lang='grc'>1</span> <span class='ocrx_word' id='word_1_68' title='bbox 320 2735 479 2770; x_wconf 75' lang='lat' dir='ltr'>(kal.)jun.</span> 
     </span>
     <span class='ocr_line' id='line_1_22' title="bbox 329 2779 432 2806; baseline 0.01 -1"><span class='ocrx_word' id='word_1_69' title='bbox 329 2780 358 2805; x_wconf 85' lang='grc' dir='ltr'>Τ.</span> <span class='ocrx_word' id='word_1_70' title='bbox 380 2779 432 2806; x_wconf 85' lang='lat' dir='ltr'>XL.</span> 
     </span>
    </p>
   </div>
   <div class='ocr_carea' id='block_1_15' title="bbox 622 461 2222 2670">
    <p class='ocr_par' dir='ltr' id='par_1_15' title="bbox 624 461 2218 660">
     <span class='ocr_line' id='line_1_23' title="bbox 669 461 2218 502; baseline 0.001 -11"><span class='ocrx_word' id='word_1_71' title='bbox 669 461 777 492; x_wconf 78' lang='grc'>6159.</span> <span class='ocrx_word' id='word_1_72' title='bbox 800 481 837 486; x_wconf 88' lang='grc'>-</span> <span class='ocrx_word' id='word_1_73' title='bbox 854 463 1057 497; x_wconf 68' lang='lat' dir='ltr'>Ilm-mannus,</span> <span class='ocrx_word' id='word_1_74' title='bbox 1082 473 1167 502; x_wconf 79' lang='lat' dir='ltr'>ep.us</span> <span class='ocrx_word' id='word_1_75' title='bbox 1189 463 1328 497; x_wconf 63' lang='lat' dir='ltr'>Osilien„</span> <span class='ocrx_word' id='word_1_76' title='bbox 1351 463 1539 494; x_wconf 80' lang='lat' dir='ltr'>absolvitur</span> <span class='ocrx_word' id='word_1_77' title='bbox 1565 473 1583 493; x_wconf 90' lang='lat' dir='ltr'>a</span> <span class='ocrx_word' id='word_1_78' title='bbox 1600 463 1791 502; x_wconf 85' lang='lat' dir='ltr'>juramento</span> <span class='ocrx_word' id='word_1_79' title='bbox 1808 464 1959 502; x_wconf 89' lang='lat' dir='ltr'>praestito</span> <span class='ocrx_word' id='word_1_80' title='bbox 1979 463 2018 494; x_wconf 88' lang='lat' dir='ltr'>de</span> <span class='ocrx_word' id='word_1_81' title='bbox 2039 464 2218 494; x_wconf 79' lang='lat' dir='ltr'>visitandis</span> 
     </span>
     <span class='ocr_line' id='line_1_24' title="bbox 624 516 2217 555; baseline 0 -9"><span class='ocrx_word' id='word_1_82' title='bbox 624 517 864 554; x_wconf 66' lang='lat' dir='ltr'>Apostolorum</span> <span class='ocrx_word' id='word_1_83' title='bbox 891 516 1066 546; x_wconf 83' lang='lat' dir='ltr'>liminibus</span> <span class='ocrx_word' id='word_1_84' title='bbox 1090 516 1190 546; x_wconf 89' lang='lat' dir='ltr'>certis</span> <span class='ocrx_word' id='word_1_85' title='bbox 1222 516 1444 555; x_wconf 79' lang='lat' dir='ltr'>temporibus.</span> <span class='ocrx_word' id='word_1_86' title='bbox 1470 516 1557 546; x_wconf 78' lang='lat' dir='ltr'>Eccl.</span> <span class='ocrx_word' id='word_1_87' title='bbox 1585 516 1726 546; x_wconf 88' lang='lat' dir='ltr'>Osilien.</span> <span class='ocrx_word' id='word_1_88' title='bbox 1753 516 1971 555; x_wconf 84' lang='lat' dir='ltr'>privilegium</span> <span class='ocrx_word' id='word_1_89' title='bbox 1992 517 2217 555; x_wconf 80' lang='lat' dir='ltr'>exemptionis</span> 
     </span>
     <span class='ocr_line' id='line_1_25' title="bbox 624 568 2216 608; baseline 0.001 -10"><span class='ocrx_word' id='word_1_90' title='bbox 624 578 687 599; x_wconf 90' lang='lat' dir='ltr'>non</span> <span class='ocrx_word' id='word_1_91' title='bbox 712 569 821 604; x_wconf 82' lang='lat' dir='ltr'>habet,</span> <span class='ocrx_word' id='word_1_92' title='bbox 848 570 905 599; x_wconf 85' lang='lat' dir='ltr'>sed</span> <span class='ocrx_word' id='word_1_93' title='bbox 929 569 1097 607; x_wconf 76' lang='lat' dir='ltr'>archiepo</span> <span class='ocrx_word' id='word_1_94' title='bbox 1122 570 1246 608; x_wconf 81' lang='lat' dir='ltr'>Regen.</span> <span class='ocrx_word' id='word_1_95' title='bbox 1268 570 1342 607; x_wconf 82' lang='lat' dir='ltr'>J&#39;ure</span> <span class='ocrx_word' id='word_1_96' title='bbox 1370 569 1617 607; x_wconf 86' lang='lat' dir='ltr'>metropolitico</span> <span class='ocrx_word' id='word_1_97' title='bbox 1644 568 1794 606; x_wconf 79' lang='lat' dir='ltr'>sthecta</span> <span class='ocrx_word' id='word_1_98' title='bbox 1817 570 1878 599; x_wconf 87' lang='lat' dir='ltr'>est.</span> <span class='ocrx_word' id='word_1_99' title='bbox 1898 569 1952 608; x_wconf 87' lang='lat' dir='ltr'>(A.</span> <span class='ocrx_word' id='word_1_100' title='bbox 1974 570 2024 605; x_wconf 91' lang='lat'>85,</span> <span class='ocrx_word' id='word_1_101' title='bbox 2047 569 2070 598; x_wconf 85' lang='lat' dir='ltr'>f.</span> <span class='ocrx_word' id='word_1_102' title='bbox 2091 571 2149 599; x_wconf 88' lang='lat'>208</span> <span class='ocrx_word' id='word_1_103' title='bbox 2167 574 2216 604; x_wconf 84' lang='lat' dir='ltr'>v⁰;</span> 
     </span>
     <span class='ocr_line' id='line_1_26' title="bbox 631 621 1508 660; baseline -0.001 -9"><span class='ocrx_word' id='word_1_104' title='bbox 631 622 661 651; x_wconf 87' lang='lat' dir='ltr'>V.</span> <span class='ocrx_word' id='word_1_105' title='bbox 681 624 746 656; x_wconf 83' lang='lat'>126,</span> <span class='ocrx_word' id='word_1_106' title='bbox 769 631 798 651; x_wconf 92' lang='lat' dir='ltr'>n.</span> <span class='ocrx_word' id='word_1_107' title='bbox 823 624 894 655; x_wconf 87' lang='grc'>118;</span> <span class='ocrx_word' id='word_1_108' title='bbox 912 622 1067 657; x_wconf 88' lang='lat' dir='ltr'>Theiner,</span> <span class='ocrx_word' id='word_1_109' title='bbox 1089 622 1221 652; x_wconf 76' lang='lat' dir='ltr'>Monam.</span> <span class='ocrx_word' id='word_1_110' title='bbox 1243 621 1310 651; x_wconf 86' lang='lat' dir='ltr'>Pol.</span> <span class='ocrx_word' id='word_1_111' title='bbox 1328 623 1354 658; x_wconf 91' lang='lat' dir='ltr'>I,</span> <span class='ocrx_word' id='word_1_112' title='bbox 1376 631 1406 660; x_wconf 89' lang='lat' dir='ltr'>p.</span> <span class='ocrx_word' id='word_1_113' title='bbox 1424 624 1508 658; x_wconf 80' lang='grc'>410.)</span> 
     </span>
    </p>

    <p class='ocr_par' dir='ltr' id='par_1_16' title="bbox 622 673 2219 925">
     <span class='ocr_line' id='line_1_27' title="bbox 667 673 2217 714; baseline 0.002 -12"><span class='ocrx_word' id='word_1_114' title='bbox 667 673 775 703; x_wconf 80' lang='grc'>6160.</span> <span class='ocrx_word' id='word_1_115' title='bbox 791 692 829 696; x_wconf 89' lang='lat'>-—</span> <span class='ocrx_word' id='word_1_116' title='bbox 840 675 984 712; x_wconf 62' lang='lat' dir='ltr'>Bolum-eo,</span> <span class='ocrx_word' id='word_1_117' title='bbox 1000 675 1063 714; x_wconf 52' lang='grc' dir='ltr'>νομί</span> <span class='ocrx_word' id='word_1_118' title='bbox 1077 674 1203 711; x_wconf 62' lang='lat' dir='ltr'>Siciliae,</span> <span class='ocrx_word' id='word_1_119' title='bbox 1215 676 1407 706; x_wconf 78' lang='lat' dir='ltr'>comeditur</span> <span class='ocrx_word' id='word_1_120' title='bbox 1423 677 1459 705; x_wconf 92' lang='lat' dir='ltr'>ut</span> <span class='ocrx_word' id='word_1_121' title='bbox 1476 675 1599 705; x_wconf 90' lang='lat' dir='ltr'>nobilis</span> <span class='ocrx_word' id='word_1_122' title='bbox 1613 675 1766 710; x_wconf 81' lang='lat' dir='ltr'>Carolus,</span> <span class='ocrx_word' id='word_1_123' title='bbox 1779 675 1848 704; x_wconf 79' lang='lat' dir='ltr'>dux</span> <span class='ocrx_word' id='word_1_124' title='bbox 1859 675 2005 711; x_wconf 82' lang='lat' dir='ltr'>Duratii,</span> <span class='ocrx_word' id='word_1_125' title='bbox 2019 684 2123 714; x_wconf 90' lang='lat' dir='ltr'>nepos</span> <span class='ocrx_word' id='word_1_126' title='bbox 2134 676 2217 714; x_wconf 89' lang='lat' dir='ltr'>ejus,</span> 
     </span>
     <span class='ocr_line' id='line_1_28' title="bbox 622 728 2214 766; baseline 0.001 -9"><span class='ocrx_word' id='word_1_127' title='bbox 622 730 653 758; x_wconf 90' lang='lat' dir='ltr'>et</span> <span class='ocrx_word' id='word_1_128' title='bbox 670 728 727 758; x_wconf 89' lang='lat' dir='ltr'>alii</span> <span class='ocrx_word' id='word_1_129' title='bbox 747 728 847 758; x_wconf 77' lang='lat' dir='ltr'>duces</span> <span class='ocrx_word' id='word_1_130' title='bbox 863 730 894 758; x_wconf 91' lang='lat' dir='ltr'>et</span> <span class='ocrx_word' id='word_1_131' title='bbox 912 728 1049 758; x_wconf 77' lang='lat' dir='ltr'>comites</span> <span class='ocrx_word' id='word_1_132' title='bbox 1067 737 1143 758; x_wconf 80' lang='lat' dir='ltr'>cum</span> <span class='ocrx_word' id='word_1_133' title='bbox 1158 736 1196 758; x_wconf 91' lang='lat' dir='ltr'>eo</span> <span class='ocrx_word' id='word_1_134' title='bbox 1213 729 1464 766; x_wconf 79' lang='lat' dir='ltr'>proficiscentes</span> <span class='ocrx_word' id='word_1_135' title='bbox 1480 730 1595 758; x_wconf 88' lang='lat' dir='ltr'>contra</span> <span class='ocrx_word' id='word_1_136' title='bbox 1626 728 1800 758; x_wconf 83' lang='lat' dir='ltr'>indevotos</span> <span class='ocrx_word' id='word_1_137' title='bbox 1817 728 1905 757; x_wconf 87' lang='lat' dir='ltr'>Eccl.</span> <span class='ocrx_word' id='word_1_138' title='bbox 1925 728 2022 758; x_wconf 89' lang='lat' dir='ltr'>Rom.</span> <span class='ocrx_word' id='word_1_139' title='bbox 2045 729 2077 758; x_wconf 88' lang='lat' dir='ltr'>et</span> <span class='ocrx_word' id='word_1_140' title='bbox 2100 728 2214 758; x_wconf 88' lang='lat' dir='ltr'>deten-</span> 
     </span>
     <span class='ocr_line' id='line_1_29' title="bbox 622 780 2219 819; baseline 0.001 -9"><span class='ocrx_word' id='word_1_141' title='bbox 622 782 712 811; x_wconf 85' lang='lat' dir='ltr'>tores</span> <span class='ocrx_word' id='word_1_142' title='bbox 736 781 854 810; x_wconf 78' lang='lat' dir='ltr'>insulae</span> <span class='ocrx_word' id='word_1_143' title='bbox 868 781 991 811; x_wconf 65' lang='lat' dir='ltr'>Siciliae</span> <span class='ocrx_word' id='word_1_144' title='bbox 1006 781 1046 811; x_wconf 87' lang='lat' dir='ltr'>ad</span> <span class='ocrx_word' id='word_1_145' title='bbox 1064 781 1172 811; x_wconf 87' lang='lat' dir='ltr'>eamd.</span> <span class='ocrx_word' id='word_1_146' title='bbox 1191 781 1278 811; x_wconf 88' lang='lat' dir='ltr'>Eccl.</span> <span class='ocrx_word' id='word_1_147' title='bbox 1298 783 1329 811; x_wconf 92' lang='lat' dir='ltr'>et</span> <span class='ocrx_word' id='word_1_148' title='bbox 1350 781 1477 811; x_wconf 84' lang='lat' dir='ltr'>dictum</span> <span class='ocrx_word' id='word_1_149' title='bbox 1495 789 1606 819; x_wconf 87' lang='lat' dir='ltr'>regem</span> <span class='ocrx_word' id='word_1_150' title='bbox 1623 789 1664 811; x_wconf 78' lang='lat' dir='ltr'>ex</span> <span class='ocrx_word' id='word_1_151' title='bbox 1681 781 1898 810; x_wconf 82' lang='lat' dir='ltr'>concessione</span> <span class='ocrx_word' id='word_1_152' title='bbox 1913 780 2021 819; x_wconf 87' lang='lat' dir='ltr'>ejusd.</span> <span class='ocrx_word' id='word_1_153' title='bbox 2041 780 2128 811; x_wconf 84' lang='lat' dir='ltr'>Eccl.</span> <span class='ocrx_word' id='word_1_154' title='bbox 2144 789 2219 819; x_wconf 87' lang='lat' dir='ltr'>per-</span> 
     </span>
     <span class='ocr_line' id='line_1_30' title="bbox 622 833 2219 872; baseline 0.001 -10"><span class='ocrx_word' id='word_1_155' title='bbox 622 834 696 869; x_wconf 71' lang='lat' dir='ltr'>tin,</span> <span class='ocrx_word' id='word_1_156' title='bbox 714 834 845 872; x_wconf 85' lang='lat' dir='ltr'>possint</span> <span class='ocrx_word' id='word_1_157' title='bbox 862 833 983 864; x_wconf 88' lang='lat' dir='ltr'>habere</span> <span class='ocrx_word' id='word_1_158' title='bbox 1000 834 1120 863; x_wconf 83' lang='lat' dir='ltr'>altaria</span> <span class='ocrx_word' id='word_1_159' title='bbox 1132 834 1304 872; x_wconf 79' lang='lat' dir='ltr'>portatilia</span> <span class='ocrx_word' id='word_1_160' title='bbox 1321 842 1422 872; x_wconf 84' lang='lat' dir='ltr'>super</span> <span class='ocrx_word' id='word_1_161' title='bbox 1438 833 1561 872; x_wconf 87' lang='lat' dir='ltr'>quibus</span> <span class='ocrx_word' id='word_1_162' title='bbox 1578 833 1611 863; x_wconf 90' lang='lat' dir='ltr'>in</span> <span class='ocrx_word' id='word_1_163' title='bbox 1624 842 1739 863; x_wconf 90' lang='lat' dir='ltr'>eorum</span> <span class='ocrx_word' id='word_1_164' title='bbox 1757 833 1913 863; x_wconf 89' lang='lat' dir='ltr'>tentoriis</span> <span class='ocrx_word' id='word_1_165' title='bbox 1925 833 2087 863; x_wconf 87' lang='lat' dir='ltr'>celebrari</span> <span class='ocrx_word' id='word_1_166' title='bbox 2105 834 2219 864; x_wconf 89' lang='lat' dir='ltr'>divina</span> 
     </span>
     <span class='ocr_line' id='line_1_31' title="bbox 623 886 1471 925; baseline 0 -9"><span class='ocrx_word' id='word_1_167' title='bbox 623 886 733 916; x_wconf 83' lang='lat' dir='ltr'>facere</span> <span class='ocrx_word' id='word_1_168' title='bbox 761 887 904 925; x_wconf 83' lang='lat' dir='ltr'>possint.</span> <span class='ocrx_word' id='word_1_169' title='bbox 927 887 978 925; x_wconf 91' lang='lat' dir='ltr'>(A.</span> <span class='ocrx_word' id='word_1_170' title='bbox 999 888 1049 922; x_wconf 85' lang='lat'>85,</span> <span class='ocrx_word' id='word_1_171' title='bbox 1070 887 1091 916; x_wconf 89' lang='lat' dir='ltr'>f.</span> <span class='ocrx_word' id='word_1_172' title='bbox 1114 888 1188 923; x_wconf 77' lang='lat'>1903</span> <span class='ocrx_word' id='word_1_173' title='bbox 1214 886 1245 916; x_wconf 97' lang='lat' dir='ltr'>V.</span> <span class='ocrx_word' id='word_1_174' title='bbox 1270 888 1338 921; x_wconf 85' lang='lat'>126,</span> <span class='ocrx_word' id='word_1_175' title='bbox 1355 896 1386 916; x_wconf 87' lang='lat' dir='ltr'>n.</span> <span class='ocrx_word' id='word_1_176' title='bbox 1405 887 1471 925; x_wconf 93' lang='lat'>85.)</span> 
     </span>
    </p>

    <p class='ocr_par' dir='ltr' id='par_1_17' title="bbox 622 937 2220 1189">
     <span class='ocr_line' id='line_1_32' title="bbox 666 937 2218 977; baseline 0.002 -11"><span class='ocrx_word' id='word_1_177' title='bbox 666 937 776 967; x_wconf 87' lang='lat'>6161.</span> <span class='ocrx_word' id='word_1_178' title='bbox 797 957 834 960; x_wconf 92' lang='lat'><em>-</em></span> <span class='ocrx_word' id='word_1_179' title='bbox 852 939 922 975; x_wconf 80' lang='lat' dir='ltr'>Leo,</span> <span class='ocrx_word' id='word_1_180' title='bbox 944 949 998 968; x_wconf 62' lang='lat' dir='ltr'>rem</span> <span class='ocrx_word' id='word_1_181' title='bbox 1022 940 1185 974; x_wconf 73' lang='lat' dir='ltr'>Armeniae,</span> <span class='ocrx_word' id='word_1_182' title='bbox 1220 939 1407 969; x_wconf 84' lang='lat' dir='ltr'>absolvitur</span> <span class='ocrx_word' id='word_1_183' title='bbox 1433 948 1451 968; x_wconf 89' lang='lat' dir='ltr'>a</span> <span class='ocrx_word' id='word_1_184' title='bbox 1475 939 1666 977; x_wconf 83' lang='lat' dir='ltr'>juramento</span> <span class='ocrx_word' id='word_1_185' title='bbox 1697 940 1808 969; x_wconf 83' lang='lat' dir='ltr'>coacte</span> <span class='ocrx_word' id='word_1_186' title='bbox 1836 938 1986 977; x_wconf 84' lang='lat' dir='ltr'>praestito</span> <span class='ocrx_word' id='word_1_187' title='bbox 2010 939 2044 968; x_wconf 91' lang='lat' dir='ltr'>in</span> <span class='ocrx_word' id='word_1_188' title='bbox 2062 939 2218 969; x_wconf 86' lang='lat' dir='ltr'>manibus</span> 
     </span>
     <span class='ocr_line' id='line_1_33' title="bbox 623 991 2220 1031; baseline 0 -10"><span class='ocrx_word' id='word_1_189' title='bbox 623 993 732 1022; x_wconf 86' lang='lat' dir='ltr'>nuntii</span> <span class='ocrx_word' id='word_1_190' title='bbox 750 992 885 1022; x_wconf 77' lang='lat' dir='ltr'>Soldani</span> <span class='ocrx_word' id='word_1_191' title='bbox 902 991 1113 1030; x_wconf 71' lang='lat' dir='ltr'>Babylonici,</span> <span class='ocrx_word' id='word_1_192' title='bbox 1128 992 1283 1022; x_wconf 86' lang='lat' dir='ltr'>civitates</span> <span class='ocrx_word' id='word_1_193' title='bbox 1304 994 1335 1021; x_wconf 91' lang='lat' dir='ltr'>et</span> <span class='ocrx_word' id='word_1_194' title='bbox 1353 994 1463 1022; x_wconf 89' lang='lat' dir='ltr'>castra</span> <span class='ocrx_word' id='word_1_195' title='bbox 1482 992 1575 1030; x_wconf 85' lang='lat' dir='ltr'>regni</span> <span class='ocrx_word' id='word_1_196' title='bbox 1592 992 1760 1022; x_wconf 75' lang='lat' dir='ltr'>Armeniae</span> <span class='ocrx_word' id='word_1_197' title='bbox 1780 992 1930 1030; x_wconf 88' lang='lat' dir='ltr'>quotidie</span> <span class='ocrx_word' id='word_1_198' title='bbox 1947 992 2173 1031; x_wconf 85' lang='lat' dir='ltr'>expugnantis</span> <span class='ocrx_word' id='word_1_199' title='bbox 2188 994 2220 1022; x_wconf 89' lang='lat' dir='ltr'>et</span> 
     </span>
     <span class='ocr_line' id='line_1_34' title="bbox 622 1044 2219 1083; baseline 0 -9"><span class='ocrx_word' id='word_1_200' title='bbox 622 1045 845 1075; x_wconf 82' lang='lat' dir='ltr'>christianum</span> <span class='ocrx_word' id='word_1_201' title='bbox 876 1045 1039 1083; x_wconf 89' lang='lat' dir='ltr'>populum</span> <span class='ocrx_word' id='word_1_202' title='bbox 1068 1045 1151 1074; x_wconf 90' lang='lat' dir='ltr'>inibi</span> <span class='ocrx_word' id='word_1_203' title='bbox 1179 1045 1354 1083; x_wconf 85' lang='lat' dir='ltr'>degentem</span> <span class='ocrx_word' id='word_1_204' title='bbox 1379 1044 1528 1075; x_wconf 88' lang='lat' dir='ltr'>furenter</span> <span class='ocrx_word' id='word_1_205' title='bbox 1543 1045 1738 1081; x_wconf 87' lang='lat' dir='ltr'>cruciantis,</span> <span class='ocrx_word' id='word_1_206' title='bbox 1757 1045 1922 1083; x_wconf 89' lang='lat' dir='ltr'>capientis</span> <span class='ocrx_word' id='word_1_207' title='bbox 1939 1046 1971 1074; x_wconf 91' lang='lat' dir='ltr'>et</span> <span class='ocrx_word' id='word_1_208' title='bbox 1989 1045 2023 1074; x_wconf 93' lang='lat' dir='ltr'>in</span> <span class='ocrx_word' id='word_1_209' title='bbox 2041 1053 2097 1075; x_wconf 86' lang='lat' dir='ltr'>ore</span> <span class='ocrx_word' id='word_1_210' title='bbox 2115 1045 2219 1083; x_wconf 87' lang='lat' dir='ltr'>gladii</span> 
     </span>
     <span class='ocr_line' id='line_1_35' title="bbox 623 1097 2219 1136; baseline 0 -9"><span class='ocrx_word' id='word_1_211' title='bbox 623 1097 852 1127; x_wconf 84' lang='lat' dir='ltr'>inhumaniter</span> <span class='ocrx_word' id='word_1_212' title='bbox 871 1097 1039 1136; x_wconf 88' lang='lat' dir='ltr'>ponentis,</span> <span class='ocrx_word' id='word_1_213' title='bbox 1058 1097 1188 1127; x_wconf 84' lang='lat' dir='ltr'>scilicet</span> <span class='ocrx_word' id='word_1_214' title='bbox 1207 1097 1295 1136; x_wconf 82' lang='lat' dir='ltr'>quod</span> <span class='ocrx_word' id='word_1_215' title='bbox 1314 1097 1356 1127; x_wconf 87' lang='lat' dir='ltr'>ad</span> <span class='ocrx_word' id='word_1_216' title='bbox 1378 1098 1415 1127; x_wconf 87' lang='lat' dir='ltr'>P.</span> <span class='ocrx_word' id='word_1_217' title='bbox 1435 1098 1472 1127; x_wconf 87' lang='lat' dir='ltr'>P.</span> <span class='ocrx_word' id='word_1_218' title='bbox 1493 1098 1564 1128; x_wconf 92' lang='lat' dir='ltr'>sive</span> <span class='ocrx_word' id='word_1_219' title='bbox 1580 1098 1621 1128; x_wconf 87' lang='lat' dir='ltr'>ad</span> <span class='ocrx_word' id='word_1_220' title='bbox 1638 1098 1736 1128; x_wconf 84' lang='lat' dir='ltr'>Rom.</span> <span class='ocrx_word' id='word_1_221' title='bbox 1754 1098 1882 1128; x_wconf 86' lang='lat' dir='ltr'>curiam</span> <span class='ocrx_word' id='word_1_222' title='bbox 1897 1097 2045 1136; x_wconf 83' lang='lat' dir='ltr'>aliquem</span> <span class='ocrx_word' id='word_1_223' title='bbox 2064 1097 2219 1128; x_wconf 88' lang='lat' dir='ltr'>nuntium</span> 
     </span>
     <span class='ocr_line' id='line_1_36' title="bbox 623 1150 1822 1189; baseline -0.002 -8"><span class='ocrx_word' id='word_1_224' title='bbox 623 1153 677 1181; x_wconf 87' lang='lat' dir='ltr'>aut</span> <span class='ocrx_word' id='word_1_225' title='bbox 697 1151 827 1180; x_wconf 85' lang='lat' dir='ltr'>litteras</span> <span class='ocrx_word' id='word_1_226' title='bbox 847 1150 1039 1180; x_wconf 87' lang='lat' dir='ltr'>nullatenus</span> <span class='ocrx_word' id='word_1_227' title='bbox 1054 1150 1249 1181; x_wconf 85' lang='lat' dir='ltr'>destinaret.</span> <span class='ocrx_word' id='word_1_228' title='bbox 1264 1150 1318 1189; x_wconf 88' lang='lat' dir='ltr'>(A.</span> <span class='ocrx_word' id='word_1_229' title='bbox 1335 1151 1386 1184; x_wconf 87' lang='lat'>85,</span> <span class='ocrx_word' id='word_1_230' title='bbox 1405 1150 1427 1180; x_wconf 94' lang='lat' dir='ltr'>f.</span> <span class='ocrx_word' id='word_1_231' title='bbox 1445 1152 1519 1187; x_wconf 83' lang='grc'>236;</span> <span class='ocrx_word' id='word_1_232' title='bbox 1546 1150 1578 1180; x_wconf 93' lang='lat' dir='ltr'>V.</span> <span class='ocrx_word' id='word_1_233' title='bbox 1599 1151 1667 1185; x_wconf 83' lang='lat'>126,</span> <span class='ocrx_word' id='word_1_234' title='bbox 1685 1159 1716 1180; x_wconf 90' lang='lat' dir='ltr'>n.</span> <span class='ocrx_word' id='word_1_235' title='bbox 1739 1151 1822 1188; x_wconf 90' lang='lat'>165.)</span> 
     </span>
    </p>

    <p class='ocr_par' dir='ltr' id='par_1_18' title="bbox 623 1201 2220 1454">
     <span class='ocr_line' id='line_1_37' title="bbox 667 1201 2219 1243; baseline 0.003 -13"><span class='ocrx_word' id='word_1_236' title='bbox 667 1201 776 1231; x_wconf 79' lang='grc'>6162.</span> <span class='ocrx_word' id='word_1_237' title='bbox 797 1221 834 1224; x_wconf 92' lang='grc'><strong>-</strong></span> <span class='ocrx_word' id='word_1_238' title='bbox 851 1203 927 1233; x_wconf 72' lang='grc' dir='ltr'>Νοῠ.</span> <span class='ocrx_word' id='word_1_239' title='bbox 950 1204 1065 1234; x_wconf 76' lang='lat' dir='ltr'>Joanm‘</span> <span class='ocrx_word' id='word_1_240' title='bbox 1079 1203 1113 1233; x_wconf 77' lang='lat' dir='ltr'>de</span> <span class='ocrx_word' id='word_1_241' title='bbox 1130 1203 1308 1243; x_wconf 69' lang='lat' dir='ltr'>Lisiqnano,</span> <span class='ocrx_word' id='word_1_242' title='bbox 1325 1202 1542 1233; x_wconf 83' lang='lat' dir='ltr'>conestabulo</span> <span class='ocrx_word' id='word_1_243' title='bbox 1559 1203 1653 1243; x_wconf 85' lang='lat' dir='ltr'>regni</span> <span class='ocrx_word' id='word_1_244' title='bbox 1671 1204 1850 1239; x_wconf 72' lang='lat' dir='ltr'>Armeniae,</span> <span class='ocrx_word' id='word_1_245' title='bbox 1869 1203 2117 1242; x_wconf 81' lang='lat' dir='ltr'>consanguineo</span> <span class='ocrx_word' id='word_1_246' title='bbox 2135 1204 2219 1234; x_wconf 91' lang='lat' dir='ltr'>Leo-</span> 
     </span>
     <span class='ocr_line' id='line_1_38' title="bbox 623 1256 2220 1295; baseline 0.001 -9"><span class='ocrx_word' id='word_1_247' title='bbox 623 1257 676 1286; x_wconf 79' lang='lat' dir='ltr'>nis</span> <span class='ocrx_word' id='word_1_248' title='bbox 698 1257 797 1295; x_wconf 84' lang='lat' dir='ltr'>regis,</span> <span class='ocrx_word' id='word_1_249' title='bbox 814 1256 930 1286; x_wconf 89' lang='lat' dir='ltr'>morbo</span> <span class='ocrx_word' id='word_1_250' title='bbox 949 1257 1122 1287; x_wconf 82' lang='lat' dir='ltr'>articulari</span> <span class='ocrx_word' id='word_1_251' title='bbox 1143 1258 1174 1287; x_wconf 91' lang='lat' dir='ltr'>et</span> <span class='ocrx_word' id='word_1_252' title='bbox 1191 1257 1345 1295; x_wconf 72' lang='lat' dir='ltr'>podagrae</span> <span class='ocrx_word' id='word_1_253' title='bbox 1362 1256 1562 1286; x_wconf 88' lang='lat' dir='ltr'>humoribus</span> <span class='ocrx_word' id='word_1_254' title='bbox 1581 1256 1761 1293; x_wconf 87' lang='lat' dir='ltr'>laboranti,</span> <span class='ocrx_word' id='word_1_255' title='bbox 1779 1256 1973 1295; x_wconf 83' lang='lat' dir='ltr'>indulgetur</span> <span class='ocrx_word' id='word_1_256' title='bbox 1991 1258 2027 1287; x_wconf 91' lang='lat' dir='ltr'>ut</span> <span class='ocrx_word' id='word_1_257' title='bbox 2048 1256 2220 1287; x_wconf 88' lang='lat' dir='ltr'>confessor</span> 
     </span>
     <span class='ocr_line' id='line_1_39' title="bbox 624 1309 2220 1348; baseline 0.001 -10"><span class='ocrx_word' id='word_1_258' title='bbox 624 1318 723 1348; x_wconf 84' lang='lat' dir='ltr'>quem</span> <span class='ocrx_word' id='word_1_259' title='bbox 742 1309 891 1348; x_wconf 84' lang='lat' dir='ltr'>elegerit,</span> <span class='ocrx_word' id='word_1_260' title='bbox 909 1310 948 1340; x_wconf 89' lang='lat' dir='ltr'>de</span> <span class='ocrx_word' id='word_1_261' title='bbox 964 1310 1106 1340; x_wconf 87' lang='lat' dir='ltr'>consilio</span> <span class='ocrx_word' id='word_1_262' title='bbox 1124 1310 1344 1346; x_wconf 81' lang='lat' dir='ltr'>medicorum,</span> <span class='ocrx_word' id='word_1_263' title='bbox 1364 1318 1439 1339; x_wconf 88' lang='lat' dir='ltr'>cum</span> <span class='ocrx_word' id='word_1_264' title='bbox 1456 1309 1530 1348; x_wconf 92' lang='lat' dir='ltr'>ipso</span> <span class='ocrx_word' id='word_1_265' title='bbox 1548 1309 1746 1348; x_wconf 83' lang='lat' dir='ltr'>dispensare</span> <span class='ocrx_word' id='word_1_266' title='bbox 1762 1309 1872 1339; x_wconf 87' lang='lat' dir='ltr'>valeat</span> <span class='ocrx_word' id='word_1_267' title='bbox 1884 1311 1920 1340; x_wconf 90' lang='lat' dir='ltr'>ut</span> <span class='ocrx_word' id='word_1_268' title='bbox 1935 1309 2220 1348; x_wconf 87' lang='lat' dir='ltr'>quadragesimali</span> 
     </span>
     <span class='ocr_line' id='line_1_40' title="bbox 623 1362 2220 1401; baseline 0 -9"><span class='ocrx_word' id='word_1_269' title='bbox 623 1365 785 1401; x_wconf 81' lang='lat' dir='ltr'>tempore,</span> <span class='ocrx_word' id='word_1_270' title='bbox 807 1363 1010 1393; x_wconf 83' lang='lat' dir='ltr'>successivis</span> <span class='ocrx_word' id='word_1_271' title='bbox 1027 1362 1250 1401; x_wconf 87' lang='lat' dir='ltr'>temporibus,</span> <span class='ocrx_word' id='word_1_272' title='bbox 1267 1363 1339 1401; x_wconf 90' lang='lat' dir='ltr'>ipse</span> <span class='ocrx_word' id='word_1_273' title='bbox 1357 1364 1496 1396; x_wconf 90' lang='lat' dir='ltr'>secrete,</span> <span class='ocrx_word' id='word_1_274' title='bbox 1514 1371 1554 1393; x_wconf 92' lang='lat' dir='ltr'>ne</span> <span class='ocrx_word' id='word_1_275' title='bbox 1578 1364 1691 1401; x_wconf 86' lang='lat' dir='ltr'>serpat</span> <span class='ocrx_word' id='word_1_276' title='bbox 1711 1363 1744 1392; x_wconf 90' lang='lat' dir='ltr'>in</span> <span class='ocrx_word' id='word_1_277' title='bbox 1761 1362 1957 1392; x_wconf 86' lang='lat' dir='ltr'>scandalum</span> <span class='ocrx_word' id='word_1_278' title='bbox 1976 1362 2132 1399; x_wconf 89' lang='lat' dir='ltr'>aliorum,</span> <span class='ocrx_word' id='word_1_279' title='bbox 2152 1371 2220 1393; x_wconf 87' lang='lat' dir='ltr'>car-</span> 
     </span>
     <span class='ocr_line' id='line_1_41' title="bbox 624 1415 1612 1454; baseline -0.001 -9"><span class='ocrx_word' id='word_1_280' title='bbox 624 1416 725 1445; x_wconf 89' lang='lat' dir='ltr'>nibus</span> <span class='ocrx_word' id='word_1_281' title='bbox 741 1416 830 1446; x_wconf 80' lang='lat' dir='ltr'>vesci</span> <span class='ocrx_word' id='word_1_282' title='bbox 849 1415 967 1454; x_wconf 89' lang='lat' dir='ltr'>possit.</span> <span class='ocrx_word' id='word_1_283' title='bbox 1001 1416 1053 1454; x_wconf 88' lang='lat' dir='ltr'>(A.</span> <span class='ocrx_word' id='word_1_284' title='bbox 1070 1417 1121 1451; x_wconf 86' lang='lat'>85,</span> <span class='ocrx_word' id='word_1_285' title='bbox 1141 1416 1162 1445; x_wconf 94' lang='lat' dir='ltr'>f.</span> <span class='ocrx_word' id='word_1_286' title='bbox 1182 1417 1240 1446; x_wconf 89' lang='lat'>236</span> <span class='ocrx_word' id='word_1_287' title='bbox 1256 1420 1305 1450; x_wconf 76' lang='lat' dir='ltr'>v⁰;</span> <span class='ocrx_word' id='word_1_288' title='bbox 1332 1415 1364 1444; x_wconf 93' lang='lat' dir='ltr'>V.</span> <span class='ocrx_word' id='word_1_289' title='bbox 1388 1417 1455 1451; x_wconf 96' lang='lat'>126,</span> <span class='ocrx_word' id='word_1_290' title='bbox 1479 1424 1511 1445; x_wconf 90' lang='lat' dir='ltr'>n.</span> <span class='ocrx_word' id='word_1_291' title='bbox 1530 1417 1612 1453; x_wconf 88' lang='lat'>166.)</span> 
     </span>
    </p>

    <p class='ocr_par' dir='ltr' id='par_1_19' title="bbox 624 1466 2221 1613">
     <span class='ocr_line' id='line_1_42' title="bbox 669 1466 2221 1508; baseline 0.003 -13"><span class='ocrx_word' id='word_1_292' title='bbox 669 1466 778 1496; x_wconf 88' lang='lat'>6163.</span> <span class='ocrx_word' id='word_1_293' title='bbox 799 1486 835 1490; x_wconf 90' lang='lat'>—</span> <span class='ocrx_word' id='word_1_294' title='bbox 853 1468 1042 1505; x_wconf 75' lang='lat' dir='ltr'>Borclzardo,</span> <span class='ocrx_word' id='word_1_295' title='bbox 1064 1469 1219 1508; x_wconf 73' lang='lat' dir='ltr'>archiep.o</span> <span class='ocrx_word' id='word_1_296' title='bbox 1252 1469 1403 1504; x_wconf 63' lang='lat' dir='ltr'>Bremen„</span> <span class='ocrx_word' id='word_1_297' title='bbox 1421 1469 1616 1498; x_wconf 84' lang='lat' dir='ltr'>conceditur</span> <span class='ocrx_word' id='word_1_298' title='bbox 1631 1469 1667 1498; x_wconf 90' lang='lat' dir='ltr'>ut</span> <span class='ocrx_word' id='word_1_299' title='bbox 1683 1469 1767 1498; x_wconf 87' lang='lat' dir='ltr'>duos</span> <span class='ocrx_word' id='word_1_300' title='bbox 1783 1476 1899 1498; x_wconf 81' lang='lat' dir='ltr'>canon.</span> <span class='ocrx_word' id='word_1_301' title='bbox 1921 1469 1952 1498; x_wconf 88' lang='lat' dir='ltr'>et</span> <span class='ocrx_word' id='word_1_302' title='bbox 1970 1468 2055 1498; x_wconf 79' lang='lat' dir='ltr'>&lt;luas</span> <span class='ocrx_word' id='word_1_303' title='bbox 2071 1468 2221 1499; x_wconf 88' lang='lat' dir='ltr'>minores</span> 
     </span>
     <span class='ocr_line' id='line_1_43' title="bbox 624 1520 2221 1560; baseline 0 -9"><span class='ocrx_word' id='word_1_304' title='bbox 624 1521 726 1560; x_wconf 79' lang='lat' dir='ltr'>praeb.</span> <span class='ocrx_word' id='word_1_305' title='bbox 747 1522 787 1552; x_wconf 92' lang='lat' dir='ltr'>de</span> <span class='ocrx_word' id='word_1_306' title='bbox 807 1530 891 1552; x_wconf 86' lang='lat' dir='ltr'>novo</span> <span class='ocrx_word' id='word_1_307' title='bbox 915 1522 1094 1552; x_wconf 88' lang='lat' dir='ltr'>instituere</span> <span class='ocrx_word' id='word_1_308' title='bbox 1117 1522 1229 1552; x_wconf 90' lang='lat' dir='ltr'>valeat</span> <span class='ocrx_word' id='word_1_309' title='bbox 1247 1522 1281 1551; x_wconf 92' lang='lat' dir='ltr'>in</span> <span class='ocrx_word' id='word_1_310' title='bbox 1302 1521 1382 1551; x_wconf 84' lang='lat' dir='ltr'>eccl.</span> <span class='ocrx_word' id='word_1_311' title='bbox 1414 1522 1569 1551; x_wconf 88' lang='lat' dir='ltr'>Bremen.</span> <span class='ocrx_word' id='word_1_312' title='bbox 1588 1521 1622 1551; x_wconf 90' lang='lat' dir='ltr'>in</span> <span class='ocrx_word' id='word_1_313' title='bbox 1649 1530 1715 1560; x_wconf 85' lang='lat' dir='ltr'>qua</span> <span class='ocrx_word' id='word_1_314' title='bbox 1741 1530 1823 1551; x_wconf 74' lang='lat' dir='ltr'>xxw</span> <span class='ocrx_word' id='word_1_315' title='bbox 1853 1529 1969 1551; x_wconf 85' lang='lat' dir='ltr'>canon.</span> <span class='ocrx_word' id='word_1_316' title='bbox 1989 1522 2021 1551; x_wconf 85' lang='lat' dir='ltr'>et</span> <span class='ocrx_word' id='word_1_317' title='bbox 2036 1520 2138 1559; x_wconf 65' lang='lat' dir='ltr'>przeb.</span> <span class='ocrx_word' id='word_1_318' title='bbox 2152 1521 2221 1560; x_wconf 89' lang='lat' dir='ltr'>jam</span> 
     </span>
     <span class='ocr_line' id='line_1_44' title="bbox 625 1574 1778 1613; baseline -0.001 -9"><span class='ocrx_word' id='word_1_319' title='bbox 625 1575 788 1604; x_wconf 80' lang='lat' dir='ltr'>existunt.</span> <span class='ocrx_word' id='word_1_320' title='bbox 806 1575 858 1612; x_wconf 77' lang='lat' dir='ltr'>(A.</span> <span class='ocrx_word' id='word_1_321' title='bbox 876 1576 925 1611; x_wconf 85' lang='lat'>52,</span> <span class='ocrx_word' id='word_1_322' title='bbox 949 1575 970 1605; x_wconf 85' lang='lat' dir='ltr'>f.</span> <span class='ocrx_word' id='word_1_323' title='bbox 990 1576 1008 1603; x_wconf 89' lang='lat'>8</span> <span class='ocrx_word' id='word_1_324' title='bbox 1027 1575 1146 1611; x_wconf 70' lang='lat' dir='ltr'>(rub),</span> <span class='ocrx_word' id='word_1_325' title='bbox 1172 1575 1204 1604; x_wconf 94' lang='lat' dir='ltr'>V.</span> <span class='ocrx_word' id='word_1_326' title='bbox 1227 1576 1296 1610; x_wconf 81' lang='lat'>125,</span> <span class='ocrx_word' id='word_1_327' title='bbox 1314 1583 1346 1604; x_wconf 87' lang='lat' dir='ltr'>n.</span> <span class='ocrx_word' id='word_1_328' title='bbox 1368 1574 1442 1613; x_wconf 69' lang='lat'>25013</span> <span class='ocrx_word' id='word_1_329' title='bbox 1459 1574 1607 1611; x_wconf 84' lang='lat' dir='ltr'>Riezler,</span> <span class='ocrx_word' id='word_1_330' title='bbox 1624 1583 1656 1604; x_wconf 89' lang='lat' dir='ltr'>n.</span> <span class='ocrx_word' id='word_1_331' title='bbox 1676 1576 1778 1612; x_wconf 81' lang='grc'>1947.)</span> 
     </span>
    </p>

    <p class='ocr_par' dir='ltr' id='par_1_20' title="bbox 626 1624 2220 1719">
     <span class='ocr_line' id='line_1_45' title="bbox 669 1624 2220 1667; baseline 0.001 -13"><span class='ocrx_word' id='word_1_332' title='bbox 669 1624 780 1655; x_wconf 73' lang='grc'>6161.</span> <span class='ocrx_word' id='word_1_333' title='bbox 800 1645 836 1648; x_wconf 92' lang='grc'><strong>-</strong></span> <span class='ocrx_word' id='word_1_334' title='bbox 854 1628 964 1657; x_wconf 80' lang='lat' dir='ltr'>Eidem</span> <span class='ocrx_word' id='word_1_335' title='bbox 982 1628 1134 1667; x_wconf 47' lang='lat' dir='ltr'>arf-hiep„</span> <span class='ocrx_word' id='word_1_336' title='bbox 1154 1628 1287 1658; x_wconf 81' lang='lat' dir='ltr'>conced.</span> <span class='ocrx_word' id='word_1_337' title='bbox 1320 1628 1361 1657; x_wconf 90' lang='lat' dir='ltr'>ad</span> <span class='ocrx_word' id='word_1_338' title='bbox 1377 1627 1551 1657; x_wconf 87' lang='lat' dir='ltr'>biennium</span> <span class='ocrx_word' id='word_1_339' title='bbox 1570 1629 1606 1657; x_wconf 89' lang='lat' dir='ltr'>ut</span> <span class='ocrx_word' id='word_1_340' title='bbox 1628 1627 1707 1657; x_wconf 91' lang='lat' dir='ltr'>eccl.</span> <span class='ocrx_word' id='word_1_341' title='bbox 1731 1629 1762 1657; x_wconf 90' lang='lat' dir='ltr'>et</span> <span class='ocrx_word' id='word_1_342' title='bbox 1783 1626 1976 1657; x_wconf 88' lang='lat' dir='ltr'>coemeteria</span> <span class='ocrx_word' id='word_1_343' title='bbox 1995 1635 2054 1665; x_wconf 90' lang='lat' dir='ltr'>per</span> <span class='ocrx_word' id='word_1_344' title='bbox 2073 1626 2220 1666; x_wconf 85' lang='lat' dir='ltr'>aliquem</span> 
     </span>
     <span class='ocr_line' id='line_1_46' title="bbox 626 1679 2050 1719; baseline 0.001 -10"><span class='ocrx_word' id='word_1_345' title='bbox 626 1680 783 1710; x_wconf 87' lang='lat' dir='ltr'>idoneum</span> <span class='ocrx_word' id='word_1_346' title='bbox 801 1681 1008 1711; x_wconf 73' lang='lat' dir='ltr'>sacerdotem</span> <span class='ocrx_word' id='word_1_347' title='bbox 1026 1681 1245 1711; x_wconf 88' lang='lat' dir='ltr'>reconciliare</span> <span class='ocrx_word' id='word_1_348' title='bbox 1265 1680 1385 1710; x_wconf 80' lang='lat' dir='ltr'>valeat.</span> <span class='ocrx_word' id='word_1_349' title='bbox 1422 1681 1473 1717; x_wconf 79' lang='lat' dir='ltr'>(A.</span> <span class='ocrx_word' id='word_1_350' title='bbox 1494 1682 1543 1714; x_wconf 90' lang='lat'>52,</span> <span class='ocrx_word' id='word_1_351' title='bbox 1562 1680 1584 1710; x_wconf 89' lang='lat' dir='ltr'>f.</span> <span class='ocrx_word' id='word_1_352' title='bbox 1603 1681 1621 1709; x_wconf 94' lang='lat'>8</span> <span class='ocrx_word' id='word_1_353' title='bbox 1639 1679 1755 1719; x_wconf 85' lang='lat' dir='ltr'>(rub.);</span> <span class='ocrx_word' id='word_1_354' title='bbox 1777 1679 1809 1709; x_wconf 92' lang='lat' dir='ltr'>V.</span> <span class='ocrx_word' id='word_1_355' title='bbox 1828 1681 1896 1713; x_wconf 83' lang='lat'>125,</span> <span class='ocrx_word' id='word_1_356' title='bbox 1915 1688 1946 1709; x_wconf 91' lang='lat' dir='ltr'>n.</span> <span class='ocrx_word' id='word_1_357' title='bbox 1965 1679 2050 1717; x_wconf 87' lang='lat'>251.)</span> 
     </span>
    </p>

    <p class='ocr_par' dir='ltr' id='par_1_21' title="bbox 625 1730 2222 1878">
     <span class='ocr_line' id='line_1_47' title="bbox 670 1730 2219 1773; baseline 0.001 -13"><span class='ocrx_word' id='word_1_358' title='bbox 670 1730 780 1760; x_wconf 75' lang='lat'>6165.</span> <span class='ocrx_word' id='word_1_359' title='bbox 799 1750 836 1754; x_wconf 86' lang='lat'>-—</span> <span class='ocrx_word' id='word_1_360' title='bbox 855 1733 1011 1769; x_wconf 78' lang='lat' dir='ltr'>Com-ado,</span> <span class='ocrx_word' id='word_1_361' title='bbox 1029 1733 1098 1763; x_wconf 78' lang='lat' dir='ltr'>duci</span> <span class='ocrx_word' id='word_1_362' title='bbox 1120 1733 1313 1773; x_wconf 59' lang='lat' dir='ltr'>Gloyovien„</span> <span class='ocrx_word' id='word_1_363' title='bbox 1332 1733 1525 1772; x_wconf 86' lang='lat' dir='ltr'>indulgetur</span> <span class='ocrx_word' id='word_1_364' title='bbox 1542 1734 1577 1763; x_wconf 93' lang='lat' dir='ltr'>ut</span> <span class='ocrx_word' id='word_1_365' title='bbox 1594 1733 1628 1762; x_wconf 90' lang='lat' dir='ltr'>in</span> <span class='ocrx_word' id='word_1_366' title='bbox 1645 1732 1729 1762; x_wconf 89' lang='lat' dir='ltr'>locis</span> <span class='ocrx_word' id='word_1_367' title='bbox 1746 1731 1924 1762; x_wconf 86' lang='lat' dir='ltr'>interdicto</span> <span class='ocrx_word' id='word_1_368' title='bbox 1941 1732 2129 1771; x_wconf 89' lang='lat' dir='ltr'>suppositis</span> <span class='ocrx_word' id='word_1_369' title='bbox 2145 1741 2219 1771; x_wconf 88' lang='lat' dir='ltr'>pos-</span> 
     </span>
     <span class='ocr_line' id='line_1_48' title="bbox 625 1784 2222 1822; baseline 0.001 -7"><span class='ocrx_word' id='word_1_370' title='bbox 625 1786 669 1816; x_wconf 92' lang='lat' dir='ltr'>sit</span> <span class='ocrx_word' id='word_1_371' title='bbox 691 1786 768 1822; x_wconf 86' lang='lat' dir='ltr'>sibi,</span> <span class='ocrx_word' id='word_1_372' title='bbox 788 1786 897 1821; x_wconf 79' lang='lat' dir='ltr'>uxori,</span> <span class='ocrx_word' id='word_1_373' title='bbox 916 1787 997 1816; x_wconf 87' lang='lat' dir='ltr'>filiis</span> <span class='ocrx_word' id='word_1_374' title='bbox 1018 1788 1050 1817; x_wconf 89' lang='lat' dir='ltr'>et</span> <span class='ocrx_word' id='word_1_375' title='bbox 1067 1786 1296 1816; x_wconf 85' lang='lat' dir='ltr'>familiaribus</span> <span class='ocrx_word' id='word_1_376' title='bbox 1313 1786 1509 1817; x_wconf 88' lang='lat' dir='ltr'>domesticis</span> <span class='ocrx_word' id='word_1_377' title='bbox 1527 1786 1599 1816; x_wconf 89' lang='lat' dir='ltr'>suis</span> <span class='ocrx_word' id='word_1_378' title='bbox 1616 1786 1758 1815; x_wconf 87' lang='lat' dir='ltr'>missam</span> <span class='ocrx_word' id='word_1_379' title='bbox 1776 1786 1808 1815; x_wconf 87' lang='lat' dir='ltr'>et</span> <span class='ocrx_word' id='word_1_380' title='bbox 1826 1785 1892 1815; x_wconf 89' lang='lat' dir='ltr'>alia</span> <span class='ocrx_word' id='word_1_381' title='bbox 1914 1784 2030 1815; x_wconf 90' lang='lat' dir='ltr'>divina</span> <span class='ocrx_word' id='word_1_382' title='bbox 2048 1785 2159 1815; x_wconf 87' lang='lat' dir='ltr'>officia</span> <span class='ocrx_word' id='word_1_383' title='bbox 2176 1785 2222 1816; x_wconf 83' lang='lat' dir='ltr'>fa-</span> 
     </span>
     <span class='ocr_line' id='line_1_49' title="bbox 625 1839 1483 1878; baseline 0 -9"><span class='ocrx_word' id='word_1_384' title='bbox 625 1847 699 1869; x_wconf 83' lang='lat' dir='ltr'>cere</span> <span class='ocrx_word' id='word_1_385' title='bbox 714 1839 887 1869; x_wconf 63' lang='lat' dir='ltr'>celeiwari.</span> <span class='ocrx_word' id='word_1_386' title='bbox 909 1840 961 1878; x_wconf 87' lang='lat' dir='ltr'>(A.</span> <span class='ocrx_word' id='word_1_387' title='bbox 986 1841 1036 1875; x_wconf 84' lang='grc'>85,</span> <span class='ocrx_word' id='word_1_388' title='bbox 1059 1840 1080 1869; x_wconf 93' lang='lat' dir='ltr'>f.</span> <span class='ocrx_word' id='word_1_389' title='bbox 1109 1841 1184 1875; x_wconf 74' lang='lat'>2013</span> <span class='ocrx_word' id='word_1_390' title='bbox 1208 1839 1239 1869; x_wconf 90' lang='lat' dir='ltr'>V.</span> <span class='ocrx_word' id='word_1_391' title='bbox 1261 1842 1328 1874; x_wconf 79' lang='lat'>126,</span> <span class='ocrx_word' id='word_1_392' title='bbox 1347 1849 1378 1869; x_wconf 91' lang='lat' dir='ltr'>n.</span> <span class='ocrx_word' id='word_1_393' title='bbox 1400 1840 1483 1875; x_wconf 87' lang='lat'>101.)</span> 
     </span>
    </p>

    <p class='ocr_par' dir='ltr' id='par_1_22' title="bbox 626 1889 2219 1983">
     <span class='ocr_line' id='line_1_50' title="bbox 670 1889 2219 1931; baseline 0.001 -12"><span class='ocrx_word' id='word_1_394' title='bbox 670 1889 779 1919; x_wconf 88' lang='lat'>6166.</span> <span class='ocrx_word' id='word_1_395' title='bbox 802 1909 839 1913; x_wconf 96' lang='lat'><strong>—</strong></span> <span class='ocrx_word' id='word_1_396' title='bbox 868 1892 989 1929; x_wconf 67' lang='lat' dir='ltr'>Eidmn,</span> <span class='ocrx_word' id='word_1_397' title='bbox 1022 1893 1216 1931; x_wconf 84' lang='lat' dir='ltr'>indulgetur</span> <span class='ocrx_word' id='word_1_398' title='bbox 1235 1894 1270 1923; x_wconf 90' lang='lat' dir='ltr'>ut</span> <span class='ocrx_word' id='word_1_399' title='bbox 1290 1893 1398 1931; x_wconf 89' lang='lat' dir='ltr'>possit</span> <span class='ocrx_word' id='word_1_400' title='bbox 1422 1893 1562 1922; x_wconf 89' lang='lat' dir='ltr'>missam</span> <span class='ocrx_word' id='word_1_401' title='bbox 1580 1894 1654 1922; x_wconf 84' lang='lat' dir='ltr'>aute</span> <span class='ocrx_word' id='word_1_402' title='bbox 1675 1891 1763 1922; x_wconf 89' lang='lat' dir='ltr'>diem</span> <span class='ocrx_word' id='word_1_403' title='bbox 1781 1891 1890 1922; x_wconf 86' lang='lat' dir='ltr'>facere</span> <span class='ocrx_word' id='word_1_404' title='bbox 1908 1890 2082 1922; x_wconf 86' lang='lat' dir='ltr'>celebrari.</span> <span class='ocrx_word' id='word_1_405' title='bbox 2100 1892 2152 1930; x_wconf 90' lang='lat' dir='ltr'>(A.</span> <span class='ocrx_word' id='word_1_406' title='bbox 2170 1892 2219 1927; x_wconf 87' lang='lat'>85,</span> 
     </span>
     <span class='ocr_line' id='line_1_51' title="bbox 626 1944 1038 1983; baseline 0 -9"><span class='ocrx_word' id='word_1_407' title='bbox 626 1945 649 1975; x_wconf 91' lang='lat' dir='ltr'>f.</span> <span class='ocrx_word' id='word_1_408' title='bbox 663 1946 737 1981; x_wconf 84' lang='grc'>201;</span> <span class='ocrx_word' id='word_1_409' title='bbox 763 1944 793 1973; x_wconf 87' lang='lat' dir='ltr'>V.</span> <span class='ocrx_word' id='word_1_410' title='bbox 819 1947 886 1982; x_wconf 93' lang='lat'>126,</span> <span class='ocrx_word' id='word_1_411' title='bbox 906 1954 937 1976; x_wconf 89' lang='lat' dir='ltr'>n.</span> <span class='ocrx_word' id='word_1_412' title='bbox 957 1947 1038 1983; x_wconf 86' lang='lat'>101.)</span> 
     </span>
    </p>

    <p class='ocr_par' dir='ltr' id='par_1_23' title="bbox 624 1995 2220 2142">
     <span class='ocr_line' id='line_1_52' title="bbox 670 1995 2217 2034; baseline 0 -9"><span class='ocrx_word' id='word_1_413' title='bbox 670 1995 781 2026; x_wconf 87' lang='lat'>6167.</span> <span class='ocrx_word' id='word_1_414' title='bbox 793 2015 829 2020; x_wconf 89' lang='lat'><strong>—</strong></span> <span class='ocrx_word' id='word_1_415' title='bbox 846 1998 1109 2028; x_wconf 87' lang='lat' dir='ltr'>Testimoniales</span> <span class='ocrx_word' id='word_1_416' title='bbox 1125 1998 1372 2028; x_wconf 84' lang='lat' dir='ltr'>benedictionis</span> <span class='ocrx_word' id='word_1_417' title='bbox 1385 1998 1552 2034; x_wconf 80' lang='lat' dir='ltr'>Francisci,</span> <span class='ocrx_word' id='word_1_418' title='bbox 1571 1996 1636 2026; x_wconf 85' lang='lat' dir='ltr'>abb.</span> <span class='ocrx_word' id='word_1_419' title='bbox 1656 2001 1786 2027; x_wconf 80' lang='lat' dir='ltr'>monast.</span> <span class='ocrx_word' id='word_1_420' title='bbox 1805 2007 1829 2027; x_wconf 87' lang='lat' dir='ltr'>s.</span> <span class='ocrx_word' id='word_1_421' title='bbox 1845 1996 2063 2027; x_wconf 78' lang='lat' dir='ltr'>Bartlzolomaei</span> <span class='ocrx_word' id='word_1_422' title='bbox 2080 1996 2116 2026; x_wconf 80' lang='lat' dir='ltr'>de</span> <span class='ocrx_word' id='word_1_423' title='bbox 2132 1996 2217 2027; x_wconf 77' lang='lat' dir='ltr'>Cam-</span> 
     </span>
     <span class='ocr_line' id='line_1_53' title="bbox 624 2050 2220 2090; baseline 0.001 -11"><span class='ocrx_word' id='word_1_424' title='bbox 624 2051 763 2090; x_wconf 70' lang='lat' dir='ltr'>poreyio,</span> <span class='ocrx_word' id='word_1_425' title='bbox 783 2051 820 2081; x_wconf 94' lang='lat' dir='ltr'>O.</span> <span class='ocrx_word' id='word_1_426' title='bbox 838 2051 870 2080; x_wconf 80' lang='lat' dir='ltr'>S.</span> <span class='ocrx_word' id='word_1_427' title='bbox 888 2052 937 2088; x_wconf 60' lang='lat' dir='ltr'>B„</span> <span class='ocrx_word' id='word_1_428' title='bbox 959 2050 1125 2090; x_wconf 86' lang='lat' dir='ltr'>Eugubin.</span> <span class='ocrx_word' id='word_1_429' title='bbox 1147 2051 1206 2085; x_wconf 82' lang='lat' dir='ltr'>di.‚</span> <span class='ocrx_word' id='word_1_430' title='bbox 1223 2059 1282 2089; x_wconf 90' lang='lat' dir='ltr'>per</span> <span class='ocrx_word' id='word_1_431' title='bbox 1302 2052 1336 2081; x_wconf 86' lang='lat' dir='ltr'>P.</span> <span class='ocrx_word' id='word_1_432' title='bbox 1360 2052 1397 2081; x_wconf 88' lang='lat' dir='ltr'>P.</span> <span class='ocrx_word' id='word_1_433' title='bbox 1420 2051 1587 2089; x_wconf 83' lang='lat' dir='ltr'>promoti3</span> <span class='ocrx_word' id='word_1_434' title='bbox 1608 2059 1683 2080; x_wconf 88' lang='lat' dir='ltr'>cum</span> <span class='ocrx_word' id='word_1_435' title='bbox 1700 2050 1837 2080; x_wconf 88' lang='lat' dir='ltr'>licentia</span> <span class='ocrx_word' id='word_1_436' title='bbox 1860 2050 1899 2080; x_wconf 93' lang='lat' dir='ltr'>de</span> <span class='ocrx_word' id='word_1_437' title='bbox 1918 2050 2012 2080; x_wconf 88' lang='lat' dir='ltr'>curia</span> <span class='ocrx_word' id='word_1_438' title='bbox 2031 2050 2220 2081; x_wconf 85' lang='lat' dir='ltr'>recedendi.</span> 
     </span>
     <span class='ocr_line' id='line_1_54' title="bbox 626 2103 1243 2142; baseline 0.003 -10"><span class='ocrx_word' id='word_1_439' title='bbox 626 2104 676 2141; x_wconf 88' lang='lat' dir='ltr'>(A.</span> <span class='ocrx_word' id='word_1_440' title='bbox 703 2104 753 2139; x_wconf 80' lang='lat'>85,</span> <span class='ocrx_word' id='word_1_441' title='bbox 770 2104 792 2133; x_wconf 93' lang='lat' dir='ltr'>f.</span> <span class='ocrx_word' id='word_1_442' title='bbox 812 2105 869 2134; x_wconf 79' lang='grc'>204</span> <span class='ocrx_word' id='word_1_443' title='bbox 888 2108 937 2139; x_wconf 83' lang='lat' dir='ltr'>v⁰;</span> <span class='ocrx_word' id='word_1_444' title='bbox 962 2103 994 2133; x_wconf 93' lang='lat' dir='ltr'>V.</span> <span class='ocrx_word' id='word_1_445' title='bbox 1015 2105 1082 2137; x_wconf 85' lang='lat'>126,</span> <span class='ocrx_word' id='word_1_446' title='bbox 1105 2112 1137 2133; x_wconf 84' lang='lat' dir='ltr'>n.</span> <span class='ocrx_word' id='word_1_447' title='bbox 1160 2104 1243 2142; x_wconf 87' lang='grc'>110.)</span> 
     </span>
    </p>

    <p class='ocr_par' dir='ltr' id='par_1_24' title="bbox 626 2153 2221 2404">
     <span class='ocr_line' id='line_1_55' title="bbox 670 2153 2221 2195; baseline 0.001 -12"><span class='ocrx_word' id='word_1_448' title='bbox 670 2153 779 2183; x_wconf 83' lang='grc'>6168.</span> <span class='ocrx_word' id='word_1_449' title='bbox 808 2174 844 2177; x_wconf 91' lang='lat'><em>-</em></span> <span class='ocrx_word' id='word_1_450' title='bbox 871 2156 1002 2195; x_wconf 88' lang='lat' dir='ltr'>Indulg.</span> <span class='ocrx_word' id='word_1_451' title='bbox 1030 2165 1071 2185; x_wconf 84' lang='lat' dir='ltr'>XL</span> <span class='ocrx_word' id='word_1_452' title='bbox 1096 2156 1226 2186; x_wconf 87' lang='lat' dir='ltr'>dierum</span> <span class='ocrx_word' id='word_1_453' title='bbox 1249 2156 1291 2185; x_wconf 86' lang='lat' dir='ltr'>ad</span> <span class='ocrx_word' id='word_1_454' title='bbox 1319 2156 1589 2195; x_wconf 84' lang='lat' dir='ltr'>quinquennium</span> <span class='ocrx_word' id='word_1_455' title='bbox 1618 2164 1738 2185; x_wconf 89' lang='lat' dir='ltr'>manus</span> <span class='ocrx_word' id='word_1_456' title='bbox 1762 2155 2014 2194; x_wconf 84' lang='lat' dir='ltr'>porrigentibus</span> <span class='ocrx_word' id='word_1_457' title='bbox 2040 2155 2221 2194; x_wconf 85' lang='lat' dir='ltr'>adjutrices</span> 
     </span>
     <span class='ocr_line' id='line_1_56' title="bbox 627 2208 2220 2247; baseline -0.001 -8"><span class='ocrx_word' id='word_1_458' title='bbox 627 2209 879 2239; x_wconf 55' lang='lat' dir='ltr'>reaedificationi</span> <span class='ocrx_word' id='word_1_459' title='bbox 897 2209 975 2239; x_wconf 91' lang='lat' dir='ltr'>eccl.</span> <span class='ocrx_word' id='word_1_460' title='bbox 990 2209 1214 2239; x_wconf 85' lang='lat' dir='ltr'>Humanaten.</span> <span class='ocrx_word' id='word_1_461' title='bbox 1229 2210 1366 2247; x_wconf 89' lang='lat' dir='ltr'>propter</span> <span class='ocrx_word' id='word_1_462' title='bbox 1380 2210 1591 2239; x_wconf 82' lang='lat' dir='ltr'>terraemotus</span> <span class='ocrx_word' id='word_1_463' title='bbox 1602 2210 1633 2239; x_wconf 93' lang='lat' dir='ltr'>et</span> <span class='ocrx_word' id='word_1_464' title='bbox 1643 2209 1906 2239; x_wconf 85' lang='lat' dir='ltr'>destructionem</span> <span class='ocrx_word' id='word_1_465' title='bbox 1919 2208 1983 2238; x_wconf 91' lang='lat' dir='ltr'>loci</span> <span class='ocrx_word' id='word_1_466' title='bbox 1994 2208 2076 2238; x_wconf 87' lang='lat' dir='ltr'>adeo</span> <span class='ocrx_word' id='word_1_467' title='bbox 2088 2208 2220 2245; x_wconf 83' lang='lat' dir='ltr'>dirutae,</span> 
     </span>
     <span class='ocr_line' id='line_1_57' title="bbox 626 2261 2221 2301; baseline 0 -10"><span class='ocrx_word' id='word_1_468' title='bbox 626 2263 662 2291; x_wconf 89' lang='lat' dir='ltr'>ut</span> <span class='ocrx_word' id='word_1_469' title='bbox 679 2270 743 2292; x_wconf 88' lang='lat' dir='ltr'>non</span> <span class='ocrx_word' id='word_1_470' title='bbox 761 2263 890 2292; x_wconf 85' lang='lat' dir='ltr'>restant</span> <span class='ocrx_word' id='word_1_471' title='bbox 908 2262 975 2291; x_wconf 90' lang='lat' dir='ltr'>nisi</span> <span class='ocrx_word' id='word_1_472' title='bbox 990 2262 1133 2301; x_wconf 85' lang='lat' dir='ltr'>vestigia</span> <span class='ocrx_word' id='word_1_473' title='bbox 1149 2262 1238 2300; x_wconf 85' lang='lat' dir='ltr'>ejus;</span> <span class='ocrx_word' id='word_1_474' title='bbox 1266 2262 1414 2292; x_wconf 84' lang='lat' dir='ltr'>instante</span> <span class='ocrx_word' id='word_1_475' title='bbox 1441 2262 1703 2298; x_wconf 87' lang='lat' dir='ltr'>Bonoincontro,</span> <span class='ocrx_word' id='word_1_476' title='bbox 1729 2270 1804 2300; x_wconf 86' lang='lat' dir='ltr'>ep.o</span> <span class='ocrx_word' id='word_1_477' title='bbox 1829 2262 2069 2298; x_wconf 89' lang='lat' dir='ltr'>Humanaten.‚</span> <span class='ocrx_word' id='word_1_478' title='bbox 2091 2261 2221 2292; x_wconf 87' lang='lat' dir='ltr'>dicente</span> 
     </span>
     <span class='ocr_line' id='line_1_58' title="bbox 626 2314 2219 2353; baseline 0 -9"><span class='ocrx_word' id='word_1_479' title='bbox 626 2314 714 2353; x_wconf 88' lang='lat' dir='ltr'>quod</span> <span class='ocrx_word' id='word_1_480' title='bbox 743 2314 920 2344; x_wconf 87' lang='lat' dir='ltr'>facultates</span> <span class='ocrx_word' id='word_1_481' title='bbox 945 2315 1041 2345; x_wconf 63' lang='lat' dir='ltr'>dictae</span> <span class='ocrx_word' id='word_1_482' title='bbox 1069 2315 1148 2345; x_wconf 82' lang='lat' dir='ltr'>eccl.</span> <span class='ocrx_word' id='word_1_483' title='bbox 1168 2316 1200 2345; x_wconf 88' lang='lat' dir='ltr'>et</span> <span class='ocrx_word' id='word_1_484' title='bbox 1216 2315 1420 2353; x_wconf 82' lang='lat' dir='ltr'>episcopalis</span> <span class='ocrx_word' id='word_1_485' title='bbox 1439 2323 1563 2345; x_wconf 78' lang='lat' dir='ltr'>mensae</span> <span class='ocrx_word' id='word_1_486' title='bbox 1580 2316 1659 2345; x_wconf 89' lang='lat' dir='ltr'>sunt</span> <span class='ocrx_word' id='word_1_487' title='bbox 1673 2314 1769 2345; x_wconf 87' lang='lat' dir='ltr'>valde</span> <span class='ocrx_word' id='word_1_488' title='bbox 1786 2315 1916 2345; x_wconf 89' lang='lat' dir='ltr'>tenues.</span> <span class='ocrx_word' id='word_1_489' title='bbox 1934 2314 1987 2353; x_wconf 89' lang='lat' dir='ltr'>(A.</span> <span class='ocrx_word' id='word_1_490' title='bbox 2002 2316 2053 2350; x_wconf 84' lang='lat'>52,</span> <span class='ocrx_word' id='word_1_491' title='bbox 2065 2314 2087 2344; x_wconf 91' lang='lat' dir='ltr'>f.</span> <span class='ocrx_word' id='word_1_492' title='bbox 2101 2315 2159 2344; x_wconf 91' lang='grc'>230</span> <span class='ocrx_word' id='word_1_493' title='bbox 2171 2318 2219 2349; x_wconf 82' lang='lat' dir='ltr'>v⁰;</span> 
     </span>
     <span class='ocr_line' id='line_1_59' title="bbox 630 2367 907 2404; baseline -0.004 -7"><span class='ocrx_word' id='word_1_494' title='bbox 630 2367 665 2397; x_wconf 91' lang='lat' dir='ltr'>V.</span> <span class='ocrx_word' id='word_1_495' title='bbox 687 2369 754 2401; x_wconf 82' lang='lat'>125,</span> <span class='ocrx_word' id='word_1_496' title='bbox 772 2376 802 2397; x_wconf 91' lang='lat' dir='ltr'>n.</span> <span class='ocrx_word' id='word_1_497' title='bbox 823 2367 907 2404; x_wconf 79' lang='grc'>274.)</span> 
     </span>
    </p>

    <p class='ocr_par' dir='ltr' id='par_1_25' title="bbox 625 2418 2219 2564">
     <span class='ocr_line' id='line_1_60' title="bbox 670 2418 2219 2460; baseline 0.001 -13"><span class='ocrx_word' id='word_1_498' title='bbox 670 2418 778 2447; x_wconf 82' lang='grc'>6169.</span> <span class='ocrx_word' id='word_1_499' title='bbox 799 2437 837 2441; x_wconf 84' lang='grc'>-</span> <span class='ocrx_word' id='word_1_500' title='bbox 854 2420 939 2460; x_wconf 57' lang='lat' dir='ltr'>Epo</span> <span class='ocrx_word' id='word_1_501' title='bbox 954 2420 1105 2455; x_wconf 80' lang='lat' dir='ltr'>Eleclen.,</span> <span class='ocrx_word' id='word_1_502' title='bbox 1124 2426 1150 2449; x_wconf 77' lang='lat' dir='ltr'>el</span> <span class='ocrx_word' id='word_1_503' title='bbox 1169 2431 1192 2450; x_wconf 85' lang='lat' dir='ltr'>s.</span> <span class='ocrx_word' id='word_1_504' title='bbox 1208 2420 1365 2450; x_wconf 76' lang='lat' dir='ltr'>Michaelis</span> <span class='ocrx_word' id='word_1_505' title='bbox 1380 2420 1415 2450; x_wconf 86' lang='lat' dir='ltr'>de</span> <span class='ocrx_word' id='word_1_506' title='bbox 1434 2421 1573 2457; x_wconf 65' lang='lat' dir='ltr'>Cumano,</span> <span class='ocrx_word' id='word_1_507' title='bbox 1590 2431 1624 2450; x_wconf 81' lang='lat' dir='ltr'>ac</span> <span class='ocrx_word' id='word_1_508' title='bbox 1645 2431 1669 2450; x_wconf 85' lang='lat' dir='ltr'>s.</span> <span class='ocrx_word' id='word_1_509' title='bbox 1689 2420 1820 2457; x_wconf 74' lang='lat' dir='ltr'>Genesii,</span> <span class='ocrx_word' id='word_1_510' title='bbox 1837 2421 1953 2450; x_wconf 79' lang='lat' dir='ltr'>Elnen.</span> <span class='ocrx_word' id='word_1_511' title='bbox 1974 2420 2030 2458; x_wconf 69' lang='lat' dir='ltr'>di.‚</span> <span class='ocrx_word' id='word_1_512' title='bbox 2052 2420 2219 2456; x_wconf 82' lang='lat' dir='ltr'>abbatibus,</span> 
     </span>
     <span class='ocr_line' id='line_1_61' title="bbox 625 2472 2219 2513; baseline 0.001 -10"><span class='ocrx_word' id='word_1_513' title='bbox 625 2473 737 2503; x_wconf 89' lang='lat' dir='ltr'>mand.</span> <span class='ocrx_word' id='word_1_514' title='bbox 772 2475 807 2504; x_wconf 89' lang='lat' dir='ltr'>ut</span> <span class='ocrx_word' id='word_1_515' title='bbox 835 2474 1070 2504; x_wconf 88' lang='lat' dir='ltr'>concessiones</span> <span class='ocrx_word' id='word_1_516' title='bbox 1097 2474 1211 2504; x_wconf 85' lang='lat' dir='ltr'>favore</span> <span class='ocrx_word' id='word_1_517' title='bbox 1230 2475 1461 2513; x_wconf 86' lang='lat' dir='ltr'>apostatarum</span> <span class='ocrx_word' id='word_1_518' title='bbox 1481 2483 1540 2513; x_wconf 92' lang='lat' dir='ltr'>per</span> <span class='ocrx_word' id='word_1_519' title='bbox 1558 2474 1595 2504; x_wconf 89' lang='lat' dir='ltr'>P.</span> <span class='ocrx_word' id='word_1_520' title='bbox 1615 2474 1652 2504; x_wconf 90' lang='lat' dir='ltr'>P.</span> <span class='ocrx_word' id='word_1_521' title='bbox 1670 2474 1776 2504; x_wconf 86' lang='lat' dir='ltr'>factas</span> <span class='ocrx_word' id='word_1_522' title='bbox 1793 2474 1882 2504; x_wconf 85' lang='lat' dir='ltr'>circa</span> <span class='ocrx_word' id='word_1_523' title='bbox 1899 2474 2038 2504; x_wconf 83' lang='lat' dir='ltr'>Petrum</span> <span class='ocrx_word' id='word_1_524' title='bbox 2064 2472 2219 2507; x_wconf 81' lang='lat' dir='ltr'>Franchi,</span> 
     </span>
     <span class='ocr_line' id='line_1_62' title="bbox 626 2526 2157 2564; baseline -0.001 -8"><span class='ocrx_word' id='word_1_525' title='bbox 626 2526 695 2556; x_wconf 87' lang='lat' dir='ltr'>ord.</span> <span class='ocrx_word' id='word_1_526' title='bbox 719 2526 838 2561; x_wconf 59' lang='lat' dir='ltr'>Praed„</span> <span class='ocrx_word' id='word_1_527' title='bbox 856 2528 1072 2564; x_wconf 61' lang='lat' dir='ltr'>praesentium</span> <span class='ocrx_word' id='word_1_528' title='bbox 1089 2527 1243 2562; x_wconf 89' lang='lat' dir='ltr'>latorem,</span> <span class='ocrx_word' id='word_1_529' title='bbox 1262 2526 1440 2557; x_wconf 89' lang='lat' dir='ltr'>observare</span> <span class='ocrx_word' id='word_1_530' title='bbox 1457 2527 1592 2557; x_wconf 89' lang='lat' dir='ltr'>faciant.</span> <span class='ocrx_word' id='word_1_531' title='bbox 1610 2527 1660 2563; x_wconf 90' lang='lat' dir='ltr'>(A.</span> <span class='ocrx_word' id='word_1_532' title='bbox 1676 2528 1726 2564; x_wconf 87' lang='lat'>85,</span> <span class='ocrx_word' id='word_1_533' title='bbox 1744 2526 1767 2556; x_wconf 94' lang='lat' dir='ltr'>f.</span> <span class='ocrx_word' id='word_1_534' title='bbox 1786 2527 1860 2563; x_wconf 79' lang='grc' dir='ltr'>21Ο;</span> <span class='ocrx_word' id='word_1_535' title='bbox 1885 2526 1919 2556; x_wconf 95' lang='lat' dir='ltr'>V.</span> <span class='ocrx_word' id='word_1_536' title='bbox 1937 2528 2005 2563; x_wconf 85' lang='lat'>126,</span> <span class='ocrx_word' id='word_1_537' title='bbox 2024 2535 2056 2556; x_wconf 88' lang='lat' dir='ltr'>n.</span> <span class='ocrx_word' id='word_1_538' title='bbox 2077 2527 2157 2563; x_wconf 90' lang='lat'>121.)</span> 
     </span>
    </p>

    <p class='ocr_par' dir='ltr' id='par_1_26' title="bbox 625 2576 2221 2670">
     <span class='ocr_line' id='line_1_63' title="bbox 670 2576 2221 2618; baseline 0.001 -12"><span class='ocrx_word' id='word_1_539' title='bbox 670 2576 779 2606; x_wconf 86' lang='lat'>6170.</span> <span class='ocrx_word' id='word_1_540' title='bbox 795 2595 831 2599; x_wconf 88' lang='lat'>—</span> <span class='ocrx_word' id='word_1_541' title='bbox 845 2578 969 2609; x_wconf 91' lang='lat' dir='ltr'>Indult.</span> <span class='ocrx_word' id='word_1_542' title='bbox 988 2579 1180 2609; x_wconf 88' lang='lat' dir='ltr'>celebrandi</span> <span class='ocrx_word' id='word_1_543' title='bbox 1198 2579 1340 2609; x_wconf 88' lang='lat' dir='ltr'>missam</span> <span class='ocrx_word' id='word_1_544' title='bbox 1352 2581 1533 2618; x_wconf 83' lang='lat' dir='ltr'>antequam</span> <span class='ocrx_word' id='word_1_545' title='bbox 1549 2580 1724 2610; x_wconf 88' lang='lat' dir='ltr'>illucescat</span> <span class='ocrx_word' id='word_1_546' title='bbox 1736 2579 1809 2610; x_wconf 91' lang='lat' dir='ltr'>dies</span> <span class='ocrx_word' id='word_1_547' title='bbox 1821 2587 1881 2618; x_wconf 90' lang='lat' dir='ltr'>pro</span> <span class='ocrx_word' id='word_1_548' title='bbox 1898 2578 2042 2618; x_wconf 74' lang='lat' dir='ltr'>Boqerio,</span> <span class='ocrx_word' id='word_1_549' title='bbox 2058 2588 2126 2618; x_wconf 82' lang='lat' dir='ltr'>ep.o</span> <span class='ocrx_word' id='word_1_550' title='bbox 2139 2577 2221 2608; x_wconf 82' lang='lat' dir='ltr'>Lau-</span> 
     </span>
     <span class='ocr_line' id='line_1_64' title="bbox 625 2631 1324 2670; baseline 0.001 -10"><span class='ocrx_word' id='word_1_551' title='bbox 625 2631 736 2662; x_wconf 75' lang='lat' dir='ltr'>dunen.</span> <span class='ocrx_word' id='word_1_552' title='bbox 757 2632 808 2667; x_wconf 84' lang='lat' dir='ltr'>(A.</span> <span class='ocrx_word' id='word_1_553' title='bbox 830 2632 880 2667; x_wconf 84' lang='lat'>52,</span> <span class='ocrx_word' id='word_1_554' title='bbox 904 2631 925 2661; x_wconf 90' lang='lat' dir='ltr'>f.</span> <span class='ocrx_word' id='word_1_555' title='bbox 950 2632 1024 2668; x_wconf 76' lang='lat'>2383</span> <span class='ocrx_word' id='word_1_556' title='bbox 1048 2631 1080 2661; x_wconf 90' lang='lat' dir='ltr'>V.</span> <span class='ocrx_word' id='word_1_557' title='bbox 1101 2633 1168 2668; x_wconf 87' lang='grc'>125,</span> <span class='ocrx_word' id='word_1_558' title='bbox 1190 2641 1222 2661; x_wconf 93' lang='lat' dir='ltr'>n.</span> <span class='ocrx_word' id='word_1_559' title='bbox 1241 2632 1324 2670; x_wconf 75' lang='grc'>247.)</span> 
     </span>
    </p>
   </div>
   <div class='ocr_carea' id='block_1_16' title="bbox 624 2735 2220 2989">
    <p class='ocr_par' dir='ltr' id='par_1_27' title="bbox 624 2735 2220 2989">
     <span class='ocr_line' id='line_1_65' title="bbox 670 2735 2220 2778; baseline 0.001 -13"><span class='ocrx_word' id='word_1_560' title='bbox 670 2735 779 2766; x_wconf 89' lang='grc'>6171.</span> <span class='ocrx_word' id='word_1_561' title='bbox 801 2756 839 2760; x_wconf 94' lang='grc'><strong>-</strong></span> <span class='ocrx_word' id='word_1_562' title='bbox 855 2738 1019 2778; x_wconf 76' lang='lat' dir='ltr'>Archiep.0</span> <span class='ocrx_word' id='word_1_563' title='bbox 1046 2738 1227 2773; x_wconf 80' lang='lat' dir='ltr'>Bilurz&#39;cen.,</span> <span class='ocrx_word' id='word_1_564' title='bbox 1245 2739 1357 2769; x_wconf 87' lang='lat' dir='ltr'>mand.</span> <span class='ocrx_word' id='word_1_565' title='bbox 1377 2740 1413 2769; x_wconf 91' lang='lat' dir='ltr'>ut</span> <span class='ocrx_word' id='word_1_566' title='bbox 1430 2738 1458 2768; x_wconf 90' lang='lat' dir='ltr'>si</span> <span class='ocrx_word' id='word_1_567' title='bbox 1476 2738 1624 2777; x_wconf 85' lang='lat' dir='ltr'>AElipdis</span> <span class='ocrx_word' id='word_1_568' title='bbox 1643 2738 1683 2769; x_wconf 90' lang='lat' dir='ltr'>de</span> <span class='ocrx_word' id='word_1_569' title='bbox 1699 2737 1893 2774; x_wconf 86' lang='lat' dir='ltr'>Brabantia,</span> <span class='ocrx_word' id='word_1_570' title='bbox 1911 2738 2047 2769; x_wconf 86' lang='lat' dir='ltr'>domina</span> <span class='ocrx_word' id='word_1_571' title='bbox 2065 2738 2104 2768; x_wconf 90' lang='lat' dir='ltr'>de</span> <span class='ocrx_word' id='word_1_572' title='bbox 2123 2737 2220 2768; x_wconf 90' lang='lat' dir='ltr'>Hari-</span> 
     </span>
     <span class='ocr_line' id='line_1_66' title="bbox 625 2789 2219 2829; baseline -0.001 -8"><span class='ocrx_word' id='word_1_573' title='bbox 625 2791 718 2821; x_wconf 79' lang='lat' dir='ltr'>curia</span> <span class='ocrx_word' id='word_1_574' title='bbox 736 2792 768 2821; x_wconf 92' lang='lat' dir='ltr'>et</span> <span class='ocrx_word' id='word_1_575' title='bbox 785 2791 824 2821; x_wconf 89' lang='lat' dir='ltr'>de</span> <span class='ocrx_word' id='word_1_576' title='bbox 839 2791 1000 2821; x_wconf 83' lang='lat' dir='ltr'>Mazeriis</span> <span class='ocrx_word' id='word_1_577' title='bbox 1020 2791 1054 2821; x_wconf 92' lang='lat' dir='ltr'>in</span> <span class='ocrx_word' id='word_1_578' title='bbox 1068 2791 1189 2826; x_wconf 88' lang='lat' dir='ltr'>Brena,</span> <span class='ocrx_word' id='word_1_579' title='bbox 1210 2791 1387 2822; x_wconf 89' lang='lat' dir='ltr'>Ebroicen.</span> <span class='ocrx_word' id='word_1_580' title='bbox 1405 2793 1437 2822; x_wconf 89' lang='lat' dir='ltr'>et</span> <span class='ocrx_word' id='word_1_581' title='bbox 1451 2791 1636 2822; x_wconf 87' lang='lat' dir='ltr'>Bituricen.</span> <span class='ocrx_word' id='word_1_582' title='bbox 1656 2791 1715 2827; x_wconf 89' lang='lat' dir='ltr'>di.‚</span> <span class='ocrx_word' id='word_1_583' title='bbox 1734 2799 1794 2829; x_wconf 88' lang='lat' dir='ltr'>pro</span> <span class='ocrx_word' id='word_1_584' title='bbox 1812 2790 2022 2829; x_wconf 88' lang='lat' dir='ltr'>quibuslibet</span> <span class='ocrx_word' id='word_1_585' title='bbox 2040 2789 2219 2821; x_wconf 87' lang='lat' dir='ltr'>oblationi-</span> 
     </span>
     <span class='ocr_line' id='line_1_67' title="bbox 624 2843 2219 2883; baseline 0 -10"><span class='ocrx_word' id='word_1_586' title='bbox 624 2843 687 2873; x_wconf 89' lang='lat' dir='ltr'>bus</span> <span class='ocrx_word' id='word_1_587' title='bbox 705 2845 737 2874; x_wconf 89' lang='lat' dir='ltr'>et</span> <span class='ocrx_word' id='word_1_588' title='bbox 763 2843 840 2874; x_wconf 89' lang='lat' dir='ltr'>aliis</span> <span class='ocrx_word' id='word_1_589' title='bbox 859 2844 994 2883; x_wconf 90' lang='lat' dir='ltr'>juribus</span> <span class='ocrx_word' id='word_1_590' title='bbox 1016 2844 1151 2883; x_wconf 83' lang='lat' dir='ltr'>paroch.</span> <span class='ocrx_word' id='word_1_591' title='bbox 1173 2844 1253 2874; x_wconf 84' lang='lat' dir='ltr'>eccl.</span> <span class='ocrx_word' id='word_1_592' title='bbox 1271 2844 1336 2875; x_wconf 88' lang='lat' dir='ltr'>loci</span> <span class='ocrx_word' id='word_1_593' title='bbox 1354 2844 1393 2874; x_wconf 90' lang='lat' dir='ltr'>de</span> <span class='ocrx_word' id='word_1_594' title='bbox 1415 2844 1574 2874; x_wconf 86' lang='lat' dir='ltr'>Mazeriis</span> <span class='ocrx_word' id='word_1_595' title='bbox 1593 2844 1641 2883; x_wconf 93' lang='lat' dir='ltr'>(in</span> <span class='ocrx_word' id='word_1_596' title='bbox 1658 2852 1724 2883; x_wconf 88' lang='lat' dir='ltr'>quo</span> <span class='ocrx_word' id='word_1_597' title='bbox 1741 2843 1816 2882; x_wconf 87' lang='lat' dir='ltr'>ipsa</span> <span class='ocrx_word' id='word_1_598' title='bbox 1832 2843 1949 2873; x_wconf 89' lang='lat' dir='ltr'>fundat</span> <span class='ocrx_word' id='word_1_599' title='bbox 1966 2843 2130 2882; x_wconf 88' lang='lat' dir='ltr'>capellam</span> <span class='ocrx_word' id='word_1_600' title='bbox 2144 2851 2219 2873; x_wconf 86' lang='lat' dir='ltr'>cum</span> 
     </span>
     <span class='ocr_line' id='line_1_68' title="bbox 625 2895 2218 2936; baseline 0 -10"><span class='ocrx_word' id='word_1_601' title='bbox 625 2896 766 2935; x_wconf 89' lang='lat' dir='ltr'>collegio</span> <span class='ocrx_word' id='word_1_602' title='bbox 796 2897 1035 2927; x_wconf 88' lang='lat' dir='ltr'>canonicorum</span> <span class='ocrx_word' id='word_1_603' title='bbox 1065 2898 1096 2928; x_wconf 91' lang='lat' dir='ltr'>et</span> <span class='ocrx_word' id='word_1_604' title='bbox 1123 2897 1386 2936; x_wconf 82' lang='lat' dir='ltr'>capellanorum)</span> <span class='ocrx_word' id='word_1_605' title='bbox 1403 2897 1442 2927; x_wconf 91' lang='lat' dir='ltr'>de</span> <span class='ocrx_word' id='word_1_606' title='bbox 1459 2896 1535 2936; x_wconf 89' lang='lat' dir='ltr'>jure</span> <span class='ocrx_word' id='word_1_607' title='bbox 1549 2896 1684 2932; x_wconf 84' lang='lat' dir='ltr'>debitis,</span> <span class='ocrx_word' id='word_1_608' title='bbox 1701 2896 2052 2935; x_wconf 82' lang='lat' dir='ltr'>recompensationem</span> <span class='ocrx_word' id='word_1_609' title='bbox 2066 2895 2166 2926; x_wconf 84' lang='lat' dir='ltr'>faciat</span> <span class='ocrx_word' id='word_1_610' title='bbox 2184 2895 2218 2925; x_wconf 92' lang='lat' dir='ltr'>in</span> 
     </span>
     <span class='ocr_line' id='line_1_69' title="bbox 624 2948 2219 2989; baseline 0 -10"><span class='ocrx_word' id='word_1_611' title='bbox 624 2949 725 2979; x_wconf 88' lang='lat' dir='ltr'>certis</span> <span class='ocrx_word' id='word_1_612' title='bbox 742 2949 995 2980; x_wconf 64' lang='lat' dir='ltr'>haereditatibus</span> <span class='ocrx_word' id='word_1_613' title='bbox 1017 2958 1077 2980; x_wconf 90' lang='lat' dir='ltr'>seu</span> <span class='ocrx_word' id='word_1_614' title='bbox 1095 2958 1204 2980; x_wconf 86' lang='lat' dir='ltr'>annua</span> <span class='ocrx_word' id='word_1_615' title='bbox 1223 2950 1397 2989; x_wconf 88' lang='lat' dir='ltr'>pensione,</span> <span class='ocrx_word' id='word_1_616' title='bbox 1411 2950 1510 2988; x_wconf 80' lang='lat' dir='ltr'>juxta</span> <span class='ocrx_word' id='word_1_617' title='bbox 1526 2949 1632 2988; x_wconf 87' lang='lat' dir='ltr'>ejusd.</span> <span class='ocrx_word' id='word_1_618' title='bbox 1651 2948 1812 2988; x_wconf 89' lang='lat' dir='ltr'>archiep.i</span> <span class='ocrx_word' id='word_1_619' title='bbox 1831 2948 2010 2979; x_wconf 86' lang='lat' dir='ltr'>arbitrium</span> <span class='ocrx_word' id='word_1_620' title='bbox 2031 2949 2219 2987; x_wconf 87' lang='lat' dir='ltr'>competen-</span> 
     </span>
    </p>
   </div>
  </div>
 </body>
</html>
