2376 3334
345 248 617 279 APPENDICES
641 251 699 280 AD
722 251 925 285 QUINTUM
949 252 1160 283 BULLARH
1186 254 1422 285 BENEDICTI
1447 257 1511 286 XII
1536 257 1691 288 ANNUM
1716 262 1836 297 (13:392
2035 266 2092 295 225

808 675 1263 732 APPENDICES
1310 680 1403 732 AD
1452 680 1787 744 QUINTUM

681 833 1024 888 BULLARII
1071 838 1466 893 BENEDICTI
1514 842 1613 894 XII
1660 843 1915 899 ANNUM

1286 1148 1316 1198 Ι

601 1267 827 1299 Instrumenta
847 1267 1057 1301 miscellanea
1083 1269 1245 1302 Vaticana
1267 1282 1339 1313 quae
1360 1271 1393 1303 in
1410 1272 1547 1316 capsula
1560 1273 1643 1305 anni
1664 1273 1754 1309 1339
1768 1277 1992 1319 reperiuntur.

188 1458 344 1502 Neapoli,
476 1456 478 1492 ξ
553 1452 661 1483 7552.
679 1473 716 1477 -
737 1456 884 1495 Capituli
909 1458 1057 1496 Capu-ani
1082 1459 1263 1497 appellatio
1288 1461 1327 1490 ad
1349 1461 1555 1492 Clementem
1584 1464 1612 1493 V
1638 1464 1704 1502 (stc)
1729 1466 1844 1495 contra
1862 1467 2057 1504 gravamina
2073 1477 2091 1497 a

218 1511 235 1537 4
251 1512 313 1545 Jan.
476 1517 477 1532 ³
505 1508 683 1539 collectore
704 1510 889 1548 apostolico
908 1511 1068 1550 imposita
1083 1513 1256 1543 occasione
1275 1514 1374 1551 spolii
1392 1515 1544 1551 Joannis,
1563 1516 1724 1555 archiep.i
1739 1518 1899 1557 Capuani.
1914 1520 2051 1559 (Chart.)

171 1565 367 1597 [demovit-53..
476 1591 477 1604 i
549 1559 657 1589 7553.
677 1579 715 1583 -
733 1563 788 1592 Fr.
810 1563 931 1592 Petrus
954 1565 1120 1601 Arramut,
1140 1566 1231 1603 prior
1252 1566 1290 1595 (le
1314 1567 1473 1603 llleciaco,
1498 1569 1568 1599 ord.
1589 1570 1860 1608 Fontisebraudi,
1878 1573 2089 1604 Lemovicen.

214 1618 248 1644 15
262 1618 327 1651 jan,
476 1634 477 1658 3
504 1614 562 1648 di.,
587 1615 760 1645 constituit
783 1616 945 1654 quosdam
966 1620 1198 1655 procuratores
1218 1619 1259 1648 ad
1279 1622 1540 1658 comparendum
1561 1631 1673 1653 coram
1692 1624 1884 1655 Camerario
1908 1628 2038 1665 Apost„
2061 1630 2091 1658 et

475 1704 477 1707 Ι
505 1668 774 1706 respondendum
796 1677 899 1708 super
918 1671 1135 1708 occupatione
1158 1672 1326 1710 prioratus
1348 1673 1386 1703 de
1403 1674 1552 1711 Combis,
1575 1676 1670 1707 dictae
1688 1677 1746 1714 di.,
1768 1679 1917 1708 vacantis
1935 1680 1967 1709 in
1986 1681 2088 1710 curia.

505 1721 609 1759 (Orig.
629 1723 733 1760 perg.)

102 1781 181 1814 Apud
199 1777 432 1810 Benevengmn·
476 1776 477 1780 ’
549 1771 656 1801 7554.
675 1791 712 1795 -
730 1775 917 1810 Quittantia
933 1776 972 1806 de
990 1777 1112 1807 solutis
1130 1786 1148 1807 a
1164 1778 1346 1809 Guillelmo
1364 1780 1403 1810 de
1420 1788 1446 1809 s.
1465 1781 1580 1817 Paulo,
1600 1782 1746 1813 thesaur.
1770 1785 2009 1821 Beneventan.‚
2031 1795 2090 1825 pro

208 1829 247 1856 20
261 1829 326 1863 jan.
505 1827 714 1865 reparatione
730 1828 839 1858 Castri
856 1829 933 1858 novi
949 1830 1186 1867 Beneventani,
1203 1831 1413 1871 aliorumque
1431 1834 1648 1865 {edificiorum
1662 1837 1761 1867 curi-ce
1776 1838 1968 1870 Beneventi.
1986 1840 2089 1879 (Orig.

477 1907 478 1916 ,
504 1888 595 1918 perg.
613 1880 727 1917 lacer.)

110 1940 190 1974 Apud
206 1935 423 1968 Florentiam.
477 1923 478 1937 ¹
549 1930 657 1960 7555.
678 1951 713 1955 -
730 1934 933 1964 wuillelmus
950 1935 1149 1972 Guilaherti,
1173 1937 1212 1967 de
1238 1938 1421 1974 Florentia,
1446 1940 1622 1971 confitetur
1640 1950 1675 1972 se
1694 1944 1861 1982 recepisse
1884 1945 1994 1975 dotem
2012 1945 2086 1975 nob.

212 1989 251 2016 28
262 1989 326 2022 jan.
505 1985 680 2024 Philippae,
701 1986 778 2016 filiae
794 1987 869 2017 nol).
886 1988 1060 2018 Gruillelmi
1077 1989 1247 2024 Cotarelli‚
1273 1991 1456 2028 domicelli,
1475 1994 1591 2023 uxoris
1612 2004 1690 2026 suae.
1711 1996 1815 2035 (Orig.
1832 2005 1923 2036 perg.
1945 1998 2051 2036 parv.)

187 2042 343 2086 Neapoli,
549 2036 657 2067 7556.
677 2058 712 2061 —
731 2040 918 2074 Quittantia
945 2041 983 2071 de
1000 2042 1158 2080 expensis
1179 2042 1276 2073 factis
1300 2053 1318 2074 a
1334 2045 1517 2076 Guillelmo
1536 2047 1574 2077 de
1598 2056 1625 2077 s.
1645 2048 1759 2085 Paulo,
1784 2050 1959 2080 collectore
1982 2054 2088 2089 apost.

223 2095 243 2121 3
258 2095 311 2127 seb.
476 2113 477 2133 ³
504 2092 537 2121 in
555 2092 681 2128 Sicilia,
707 2095 737 2123 et
754 2096 990 2123 conservatore
1017 2094 1180 2125 honorum
1209 2099 1351 2127 monast.
1379 2107 1405 2128 s,
1426 2099 1516 2129 Petri
1536 2100 1576 2129 ad
1593 2101 1694 2131 Aram
1715 2102 1940 2141 Neapolitan.‚
1959 2113 2019 2142 pro
2038 2113 2090 2134 cu-

504 2145 606 2175 randa
625 2146 815 2176 valetudine
834 2146 948 2176 fratris
964 2147 1098 2178 Thomae
1113 2149 1152 2178 de
1170 2150 1392 2188 Raymundis,
1409 2161 1479 2183 can.
1496 2153 1576 2182 dicii
1593 2156 1735 2184 monast.
1755 2156 1858 2195 (Orig.
1877 2158 1981 2195 perg.)

186 2200 343 2244 Neapoli.
476 2193 477 2237 ξ
548 2195 657 2226 7557.
676 2217 712 2220 —
734 2199 900 2237 Expensae
919 2200 1012 2230 faetae
1030 2210 1048 2231 a
1069 2201 1156 2232 (licto
1175 2202 1358 2234 Guillelmo
1375 2205 1414 2235 de
1438 2214 1464 2236 s.
1487 2206 1591 2236 Paulo
1609 2218 1622 2233 α
1641 2215 1700 2245 pro
1719 2208 1913 2247 lignamine,
1931 2219 1991 2248 pro
2009 2212 2090 2240 tein-

223 2253 240 2279 4
258 2254 312 2287 seb.
476 2267 477 2290 1
503 2251 625 2289 plando
642 2252 778 2282 titulum
795 2252 944 2283 ecclesize
962 2266 976 2280 η
995 2254 1075 2284 dicti
1093 2257 1235 2286 monast.
1256 2265 1283 2286 s.
1306 2257 1407 2287 Petri.
1426 2259 1531 2298 (Orig.
1547 2262 1653 2298 peig.)

231 2306 266 2332 Ut
284 2314 306 2332 s.
549 2302 657 2332 7558.
676 2323 712 2327 -—
731 2305 919 2340 Quittantia
935 2307 974 2336 de
988 2308 1147 2346 expensis
1160 2308 1257 2339 factis
1275 2319 1292 2339 a
1309 2310 1399 2340 Guil.
1417 2312 1456 2341 de
1476 2321 1501 2341 s.
1524 2313 1629 2343 Paulo
1651 2322 1710 2352 pro
1727 2316 1996 2353 reparationibus
2010 2316 2089 2346 dicti

504 2360 647 2387 monast.
679 2358 770 2388 Orio.
790 2361 897 2397 perg.)

138 2411 168 2437 ln
186 2411 292 2445 palatio
309 2411 402 2438 Plebis
476 2427 477 2434 η
549 2360 713 2438 7559.(-
730 2382 917 2446 (Ξυίῐίειηῐίῖι
934 2412 1070 2443 Geraldi
1091 2414 1228 2450 Mallium,
1246 2415 1285 2445 de
1305 2416 1459 2451 Caturco,
1477 2419 1636 2453 cursoris,
1657 2419 1695 2449 de
1714 2421 1857 2458 receptis
1881 2430 1899 2451 a
1916 2421 2085 2451 thesaura-

83 2455 110 2480 ὃ·
132 2454 279 2482 Fortunati
295 2456 328 2482 de
346 2456 451 2483 ΜΟΠῙΕ·
476 2455 477 2495 Ξ
504 2464 553 2494 rio
570 2464 711 2494 ducatus
735 2464 907 2502 Spoletani
927 2474 987 2503 pro
1006 2467 1178 2497 mittendis
1197 2468 1238 2497 ad
1261 2469 1387 2499 curiam
1407 2470 1530 2501 litteris
1550 2472 1799 2503 continentibus
1816 2475 1940 2504 statum
1956 2475 2089 2513 provin-

210 2499 330 2526 falcone.
476 2500 477 2535 ¹
504 2517 562 2547 ciae
578 2525 615 2546 ac
630 2518 881 2547 renovationem
898 2518 1087 2549 litterarum
1102 2519 1340 2551 beneficiorum
1358 2524 1559 2553 vacantium.
1578 2525 1680 2564 (Orig.
1702 2534 1793 2564 perg.
1811 2527 1920 2565 parv.)

217 2544 254 2570 ⁴12
273 2544 325 2576 feb.
476 2562 477 2568 .

100 2599 179 2633 Apud
200 2597 432 2630 Beneventum.
475 2573 478 2617 ¹
549 2594 657 2625 7566.
678 2614 716 2619 -
738 2597 924 2632 Quittantia
940 2598 978 2628 de
996 2599 1118 2629 solutis
1135 2608 1152 2629 a
1165 2600 1348 2631 Guillelmo
1367 2602 1406 2632 de
1423 2611 1449 2632 s.
1474 2603 1590 2640 Paulo,
1610 2605 1787 2635 collectore
1806 2607 1913 2644 apost.
1934 2606 1968 2636 in
1988 2614 2090 2645 regno

206 2649 246 2675 22
264 2649 318 2682 feb.
503 2649 638 2686 Siciliae,
657 2651 688 2680 et
703 2649 913 2681 thesaurario
931 2651 1177 2689 Beneventano,
1195 2662 1252 2692 pro
1269 2654 1487 2686 {edificatione
1505 2657 1610 2686 turris
1628 2657 1738 2688 Castri
1756 2658 1834 2688 novi
1850 2659 2089 2689 Beneventani.

505 2703 608 2742 (Orig.
626 2705 732 2742 perg‚)

111 2758 192 2792 Apud
209 2755 425 2789 Nemausum,
477 2739 478 2766 ¹
514 2788 523 2801 ·
551 2753 658 2783 7561.
683 2774 720 2778 -
744 2757 826 2787 Acta
849 2766 907 2796 per
929 2758 1136 2789 Bernardum
1166 2760 1291 2796 Maelli,
1321 2760 1498 2791 officialem
1520 2762 1737 2799 Nemausen.‚
1763 2763 1802 2793 de
1828 2764 1984 2794 mandato
2009 2764 2091 2794 Gas-

240 2808 293 2842 feb.
477 2818 478 2841 i
504 2808 602 2844 herti,
622 2808 806 2839 Camerarii
821 2810 951 2848 Apost.,
972 2812 1087 2841 contra
1103 2812 1336 2843 Persevallum
1357 2816 1388 2843 et
1409 2814 1585 2845 Nicolaum
1610 2816 1649 2845 de
1666 2816 1781 2851 Podio,
1808 2816 2089 2846 Bartholonlaeum

477 2847 479 2886 ¹
506 2861 604 2898 Telli,
623 2863 654 2892 et
681 2862 917 2893 Bandinellum
936 2864 1101 2903 Bonfigio,
1126 2865 1387 2902 Nemausenses,
1414 2867 1471 2905 qui
1495 2868 1657 2906 quosdam
1679 2869 1882 2898 mercatores
1901 2868 2091 2899 deserentes

478 2887 480 2928 ¹
504 2922 632 2944 merces
649 2915 689 2944 ad
709 2915 806 2945 Rom.
823 2916 951 2946 curiam
970 2918 1231 2948 arrestaverunt.
1251 2918 1354 2957 (Orig.
1371 2921 1477 2958 perg.)

231 2965 358 2993 i'ENED.
381 2966 448 2993 XII.
463 2982 498 2986 —
512 2967 542 2993 T.
560 2967 593 2993 11.
1917 2974 1951 3000 29
