2376 3334
182 244 240 272 206
285 241 438 271 BENED.
465 239 526 268 XII
551 256 586 260 —
612 237 817 267 LITTERAE
841 236 1094 269 (IUNIML'NES,
1119 236 1199 265 SEU
1224 233 1519 265 DIVERSARUM
1544 231 1805 263 FORMARUM.
1826 248 1863 251 —
1881 231 1990 261 ANNI
2007 231 2035 261 V
2054 230 2177 270 (1339)

194 333 295 358 butun·
316 326 495 359 Αυθηίοηθ.

288 538 325 564 27
346 538 398 570 feb.

227 586 272 615 (111
290 582 346 608 kul.
367 582 465 608 man-1.)

292 627 321 652 ’1’.
341 627 394 652 XX.

291 1065 330 1092 28
344 1065 396 1098 feb.

231 1114 262 1140 (11
280 1108 335 1135 kal.
358 1109 455 1139 inari.)

304 1153 333 1179 T.
350 1153 382 1179 Χ.

203 1329 220 1355 5
240 1332 285 1363 (111
303 1329 383 1362 11011.)
401 1331 482 1355 mart.

294 1374 323 1399 T.
342 1374 396 1399 XX.

231 1433 247 1460 7
265 1435 357 1469 (non.)
374 1438 455 1461 mart.

304 1479 333 1504 T.
356 1479 385 1504 L.

223 1647 253 1671 ΙΙ
273 1646 301 1679 (v
318 1645 367 1675 ἰι1.)
385 1649 464 1671 marc.

289 1690 318 1715 T.
341 1690 395 1715 XV.

239 2068 270 2094 15
286 2068 348 2101 (id.)
365 2073 445 2095 mart.

281 2113 310 2138 T.
332 2113 399 2139 XVI.

208 2333 242 2359 Ut
260 2341 281 2359 s.
300 2349 334 2352 -—
348 2333 378 2359 Τ.
398 2333 476 2359 XXX.

280 2704 316 2729 116·
333 2706 414 2730 mart.

226 2747 301 2779 (xvu
317 2746 376 2774 kal.
393 2748 468 2781 apr.)

279 2791 309 2817 T.
330 2790 409 2817 LVII.

587 427 803 466 processibus
822 435 907 465 quos
926 426 959 456 in
977 426 1070 456 curia
1085 427 1182 456 Rom.
1207 424 1410 455 Franciscus
1428 423 1467 453 de
1486 423 1689 457 Velenzano,
1712 421 1819 460 ejusd.
1837 422 1980 451 monast.
1998 419 2073 450 abb.
2095 420 2176 450 elec-

586 483 640 510 tus
659 481 690 509 et
710 480 939 514 confirmatus,
958 479 1182 517 prosequitur.
1203 478 1249 516 (A.
1267 479 1318 513 91,
1339 476 1452 511 1425,
1479 475 1514 506 Γ.
1536 477 1603 511 127,
1624 484 1654 505 n.
1679 474 1763 514 438.)

631 530 739 560 7413.
761 550 795 553 -
812 531 974 570 Art-hiena
991 531 1191 569 Sty-12q‹»1ie11.‚
1208 535 1235 559 et
1253 539 1321 569 epo
1338 529 1601 569 ,1191·i11n.,nia11d.
1614 530 1649 558 ut
1667 527 1886 566 allegationes
1904 536 2006 566 quare
2023 526 2176 562 Carolus,

587 594 644 615 rex
677 585 868 623 Hungariae,
898 584 1084 614 custodiam
1110 586 1142 613 et
1169 583 1395 613 detentionem
1427 582 1640 620 praediorum,
1668 580 1924 619 possessionum
1941 582 1973 610 et
1990 581 2177 609 castrorum

586 639 742 668 Colocen.
766 640 797 667 et
824 637 978 667 Bachien.
996 636 1088 670 eccl.,
1116 636 1274 666 canonice
1293 635 1477 671 unitarum,
1496 634 1669 664 vacatione
1691 634 1842 672 ipsarum
1856 633 1936 663 eccl.
1954 633 2107 668 durante,
2122 632 2178 662 ha·

587 691 663 721 bere
681 690 810 726 debeat,
836 690 973 720 audiant
990 691 1022 719 et
1038 689 1114 719 Sedi
1135 690 1251 727 Apost.
1270 688 1501 718 transmittere
1518 696 1582 717 non
1600 688 1814 725 postponant.
1834 686 1939 716 Dictae
1959 685 2178 725 allegationes

587 744 634 773 sic
661 744 853 773 referuntur
871 752 876 771 z
897 753 911 771 «
931 743 1072 781 Propter
1088 742 1296 771 vicinitatem
1329 741 1418 778 regis
1438 740 1567 770 Rasciae
1585 739 1793 769 schismatici
1814 748 1851 768 ac
1867 738 1993 777 publici
2010 738 2116 768 hostis
2129 746 2178 768 re-

586 796 636 835 gis
656 796 819 834 ejusdem,
839 796 934 834 cujus
950 794 1106 834 gentibus
1127 796 1226 833 atque
1243 802 1344 832 regno
1361 794 1450 823 dicta
1466 793 1591 831 przcdia
1603 792 1838 831 possessiones
1856 793 1888 821 et
1903 793 2013 821 castra
2022 791 2179 821 dicuntur

586 858 661 879 esse
686 849 808 885 vicina,
835 849 959 887 quique
973 848 1116 877 libenter
1136 848 1174 876 ad
1194 846 1446 884 occupationem
1464 846 1629 875 dictorum
1652 846 1879 875 castrorum...
1900 844 2094 874 extenderet
2111 853 2178 873 ma-

587 911 649 932 11115
676 911 766 936 snas,
796 901 969 931 securitati
987 901 1067 930 dicti
1093 900 1186 939 regni
1213 899 1392 938 ilungarirc
1412 898 1597 937 plurimum
1626 898 1784 936 expedire
1812 896 1874 926 sub
1900 898 2007 927 suaet
2028 897 2177 935 gentium

586 964 723 985 suarum
745 954 897 984 custodia
920 953 1113 992 hujusmodi
1138 952 1324 983 vacationis
1348 954 1498 989 tempore
1521 951 1675 980 detineri.
1695 963 1709 978 υ
1735 950 1856 989 (.-1.91,
1872 950 1893 980 f.
1912 950 1970 980 382
1985 955 2035 985 v⁰;
2059 949 2089 979 V.
2109 951 2177 984 127,

586 1017 617 1038 n.
637 1009 714 1044 162;
732 1007 888 1042 'I’heiner,
907 1006 989 1036 Mon.
1009 1005 1111 1045 Hunq.
1133 1006 1158 1039 I,
1177 1015 1207 1044 p.
1227 1004 1312 1042 630.)

632 1058 739 1089 7414.
759 1079 796 1084 —
812 1061 862 1091 Ad
883 1061 942 1099 sut.
975 1062 1018 1089 νει·
1038 1069 1123 1088 mem.
1140 1058 1337 1089 Reservatio
1365 1057 1503 1087 benefic.
1522 1066 1594 1095 quae
1615 1056 1737 1095 quond.
1760 1056 1940 1095 Philippus
1960 1056 2085 1092 Amati,
2104 1064 2177 1086 can.

587 1114 753 1153 regularis
776 1114 923 1150 Albion,
947 1112 1130 1146 obtinebat,
1149 1120 1167 1141 a
1194 1112 1323 1141 Joanne
1350 1111 1447 1141 XXII
1471 1110 1558 1140 facta
1580 1109 1718 1148 perinde
1737 1109 1848 1139 valere
1874 1108 1983 1145 debet,
2014 1109 2102 1148 (licet
2119 1117 2180 1148 per

587 1168 718 1197 litteras
743 1167 849 1206 ejusd.
869 1168 905 1197 P.
924 1167 960 1196 P.
976 1166 1016 1196 de
1033 1165 1226 1203 hujusmodi
1245 1165 1405 1194 reservat.
1423 1171 1487 1193 non
1507 1162 1659 1201 liqueat),
1676 1171 1712 1192 ac
1729 1162 1757 1192 si
1780 1161 1900 1192 litterae
1918 1161 2027 1200 ipsius
2040 1162 2178 1192 Joannis

587 1221 743 1250 confectae
759 1222 790 1250 et
808 1220 880 1258 ejus
898 1218 992 1249 bulla
1009 1218 1146 1248 bullatae
1160 1217 1314 1247 fuissent.
1332 1216 1383 1256 (A.
1404 1218 1453 1253 91,
1474 1216 1496 1246 f.
1516 1217 1573 1246 357
1590 1221 1644 1251 νο,
1670 1214 1700 1244 V.
1722 1217 1788 1251 127,
1807 1215 1929 1250 n.120;
1948 1216 2016 1249 134,
2035 1214 2056 1246 f.
2078 1216 2114 1245 14
2132 1219 2177 1252 v⁰,

586 1282 617 1303 n.
635 1275 691 1309 42,
711 1274 866 1308 Daumet,
889 1281 919 1302 n.
940 1274 1023 1309 569.)

631 1322 739 1354 7415.
758 1342 794 1346 -
812 1325 960 1359 Mai-tino,
983 1324 1139 1363 arcltiep.o
1161 1321 1413 1362 Composlellano,
1436 1322 1548 1353 mand.
1575 1323 1612 1352 ut
1633 1321 1860 1351 humilitatem
1878 1322 1909 1351 et
1926 1321 2093 1360 justitiam
2110 1322 2178 1352 stu-

586 1379 661 1409 deat
677 1379 857 1409 observare
875 1379 906 1408 et
924 1378 964 1407 ad
982 1386 1077 1407 suam
1092 1376 1356 1415 Compostellan.
1376 1375 1456 1406 eccl.
1475 1375 1619 1405 accedat.
1640 1374 1691 1414 (A.
1705 1376 1754 1410 91,
1774 1374 1796 1403 f.
1811 1374 1889 1410 382;
1912 1373 1944 1403 V.
1964 1375 2031 1411 127,
2051 1383 2082 1405 11.
2096 1375 2177 1412 160.)

630 1431 639 1441 ·
657 1429 765 1459 7416.
784 1449 821 1453 —-
837 1430 1019 1467 Bertranclo,
1037 1440 1060 1460 ε.
1082 1429 1190 1465 Marci,
1210 1439 1262 1468 pr.
1283 1428 1380 1465 card„
1400 1429 1511 1458 mand.
1536 1429 1583 1463 ut,
1598 1428 1695 1467 juxta
1720 1427 1995 1457 commissionem
2022 1427 2088 1457 sibi
2114 1428 2178 1458 fac-

586 1487 666 1521 tam,
682 1485 716 1514 in
742 1484 878 1514 statutis
908 1483 948 1513 al)
966 1484 1039 1522 ipso
1057 1483 1222 1513 ordinatis
1240 1482 1339 1512 addat
1361 1483 1393 1512 et
1413 1481 1565 1511 detrahat
1585 1490 1657 1519 quae
1675 1489 1734 1518 pro
1752 1480 1839 1510 bono
1858 1481 1947 1510 statu
1966 1480 2070 1510 studii
2087 1481 2178 1511 Mon—

585 1538 818 1576 tispessulani,
839 1539 871 1567 et
897 1536 976 1575 ep.i,
995 1545 1032 1566 ac
1055 1536 1133 1566 eccl.
1160 1535 1369 1573 Magalonen.
1399 1534 1485 1564 bono
1509 1534 1602 1573 pacis
1629 1533 1780 1563 addenda
1805 1533 1999 1571 cognoverit
2016 1534 2048 1564 et
2076 1534 2177 1564 etiam

585 1591 799 1621 detrahenda.
819 1590 870 1627 (A.
890 1592 940 1623 91,
960 1590 980 1619 f.
997 1591 1076 1625 4543
1104 1589 1138 1618 V.
1158 1590 1225 1624 127,
1246 1597 1276 1617 n.
1296 1589 1373 1622 4923
1391 1587 1567 1623 Fonrnier,
1588 1586 1725 1616 Univers.
1746 1586 1934 1623 Francaises,
1955 1595 1986 1616 n.
2008 1586 2094 1625 946.)

631 1641 739 1671 7417.
757 1662 793 1665 -
814 1643 958 1678 (iuberem,
985 1652 1055 1681 (71.0
1086 1641 1227 1677 Bathea„
1246 1642 1357 1671 mand.
1379 1643 1413 1670 ut
1440 1641 1637 1678 pensionem
1662 1641 1699 1670 35
1718 1640 1739 1669 l.
1756 1641 1780 1670 t.
1799 1648 1899 1678 quam
1924 1640 2099 1670 annuatim
2115 1640 2178 1679 (se-

585 1697 729 1726 cundum
758 1696 988 1726 ordinationes
1016 1696 1053 1725 P.
1074 1696 1109 1724 P.
1128 1695 1216 1724 circa
1234 1694 1405 1724 reformat.
1419 1693 1658 1723 Monachorum
1677 1693 1859 1732 Nigrorum
1881 1692 2003 1730 editas)
2021 1693 2112 1731 prior
2138 1693 2178 1723 de

584 1751 738 1785 Rometa,
758 1748 796 1778 O.
815 1749 847 1779 S.
869 1750 917 1782 113„
942 1749 1125 1787 Vapincen.
1155 1748 1212 1782 di.,
1232 1749 1264 1777 et
1288 1747 1346 1777 alii
1365 1747 1496 1785 priores
1513 1747 1621 1776 eidem
1639 1745 1782 1785 subjecti
1798 1746 1929 1776 solvere
1946 1745 2066 1776 debent
2085 1746 2178 1777 Guil-

585 1803 685 1833 1011110
707 1802 871 1837 Goliardi,
892 1811 981 1831 mon.
1000 1801 1079 1831 dicti
1108 1802 1265 1837 monast,
1285 1800 1426 1837 (ratione
1457 1799 1572 1833 studii,
1593 1800 1625 1829 in
1644 1808 1709 1838 quo
1728 1799 1838 1829 dictus
1856 1798 2062 1829 Guillelmus
2081 1799 2178 1829 debet

585 1856 754 1891 insistere,
773 1855 813 1885 ad
832 1855 1083 1893 adipiscendam
1110 1854 1287 1883 scientiam
1300 1853 1386 1892 juris
1406 1854 1505 1891 carr),
1523 1852 1632 1883 eidem
1648 1852 1832 1883 Guillelmo
1853 1860 1871 1881 a
1886 1852 1986 1882 dictis
2005 1851 2178 1890 prioribus

585 1909 715 1938 solvere
734 1908 843 1941 faciat.
859 1908 956 1946 juxta
972 1907 1123 1946 priorum
1144 1906 1222 1941 sibi,
1240 1908 1319 1936 tunc
1337 1905 1411 1936 abb.
1426 1915 1452 1935 s.
1467 1905 1614 1936 Victoris
1631 1905 1832 1941 Massilien.,
1846 1904 2051 1935 directarum
2074 1905 2177 1935 conti-

585 1962 733 1992 nentiam
759 1961 948 1991 litterarum
967 1963 1011 1999 (n.
1032 1962 1141 1997 7395);
1166 1961 1291 1990 attento
1320 1959 1408 1998 quod
1427 1959 1537 1989 dictus
1554 1958 1760 1989 Guillelmus
1778 1958 1819 1988 01)
1836 1958 2060 1988 cessationem
2076 1958 2176 1997 hujus

585 2015 765 2045 solutionis
785 2014 897 2044 studia
913 2022 974 2043 sua
992 2013 1108 2052 nequit
1127 2013 1298 2051 prosequi.
1319 2012 1369 2051 (A.
1387 2014 1437 2048 91,
1458 2012 1478 2041 f.
1497 2013 1575 2047 3813
1600 2011 1634 2042 V.
1654 2013 1721 2047 127,
1741 2020 1773 2041 11.
1795 2011 1877 2049 159.)

630 2065 737 2095 7418.
756 2085 794 2088 -
810 2067 912 2106 Praep.
933 2066 1004 2096 eccl.
1023 2067 1156 2106 Aquen„
1174 2070 1201 2094 et
1228 2064 1359 2104 officiali
1379 2064 1557 2100 massilien„
1574 2065 1685 2095 mand.
1706 2066 1742 2094 ut
1765 2065 1805 2095 de
1821 2064 2045 2094 diminutione
2066 2064 2176 2095 cultus

584 2121 690 2150 divini
708 2122 739 2150 et
759 2121 797 2150 de
823 2119 965 2158 penuria
991 2119 1228 2149 canonicorum
1254 2127 1291 2148 ac
1313 2118 1511 2148 clericorum
1539 2117 1761 2148 servientium
1783 2117 1817 2147 in
1837 2117 1915 2147 eccl.
1933 2117 2120 2147 Massilien.
2142 2126 2177 2147 se

584 2174 766 2204 informent
784 2174 816 2203 et
834 2173 998 2208 referant3
1025 2181 1065 2202 ex
1080 2172 1240 2210 petitione
1260 2171 1498 2201 canonicorum
1515 2171 1611 2201 dictae
1628 2170 1707 2200 eccl.
1726 2170 1951 2200 asserentium
1967 2170 2177 2200 distributio-

585 2235 644 2256 nes
665 2226 878 2265 quotidianas
901 2226 982 2255 adeo
1008 2234 1083 2255 esse
1107 2225 1214 2255 exiles
1232 2226 1263 2255 et
1283 2226 1400 2255 tenues
1416 2226 1450 2254 ut
1468 2233 1527 2262 pro
1549 2223 1728 2254 medietate
1747 2223 1857 2254 victus
1875 2223 2057 2254 necessarii
2076 2224 2177 2253 unius

584 2280 651 2309 diei
670 2288 733 2309 non
755 2279 959 2309 sufficerent.
979 2279 1029 2315 (A.
1046 2280 1097 2313 91,
1114 2278 1135 2307 f.
1156 2280 1235 2313 396;
1258 2277 1292 2307 V.
1313 2279 1382 2313 127,
1399 2286 1430 2307 11.
1452 2277 1535 2314 181.)

630 2329 737 2360 7419.
758 2349 793 2354 —-
810 2332 978 2371 Archiep.o
1005 2333 1138 2371 Aquam„
1158 2337 1185 2360 ec
1213 2330 1392 2367 massilien„
1423 2340 1457 2359 ac
1477 2329 1585 2360 Alben.
1615 2330 1705 2369 epa's.
1733 2330 1772 2359 In
1795 2329 2011 2360 concessione
2041 2329 2176 2360 decimae

584 2385 753 2415 biennalis
777 2385 927 2415 omnium
954 2385 1147 2414 reddituum
1164 2386 1195 2414 et
1219 2385 1441 2423 proventuum
1465 2383 1651 2413 ecclesiast.
1671 2383 1705 2412 in
1730 2391 1831 2422 regno
1849 2382 1972 2413 Siciliae
1989 2382 2074 2412 citra
2093 2382 2176 2412 Pha-

586 2447 672 2474 rum,
692 2446 750 2468 nec
770 2447 834 2468 non
850 2438 884 2467 in
913 2437 1111 2471 Provinciae,
1133 2446 1169 2467 ac
1196 2437 1440 2475 Forcalquerii,
1458 2438 1489 2466 01
1511 2436 1741 2466 Ρο1115111011115
1758 2435 1975 2466 comitatibus
1990 2435 2173 2466 consisten-

585 2491 670 2521 tium
696 2499 756 2529 pro
778 2491 1031 2529 recuperatione
1053 2490 1172 2520 insulae
1190 2490 1313 2521 Siciliae
1327 2489 1473 2520 Roberto
1490 2489 1560 2528 regi
1576 2498 1635 2528 per
1651 2489 1688 2519 P.
1707 2489 1744 2519 P.
1765 2488 1863 2524 facta,
1878 2497 1944 2518 non
1959 2488 2177 2518 includuntur

586 2545 770 2582 proventus
787 2545 819 2574 et
836 2544 988 2574 redditus
1011 2543 1163 2573 locorum
1179 2543 1213 2573 in
1232 2542 1356 2581 quibus
1373 2551 1432 2572 rex
1451 2542 1523 2581 ipse
1543 2542 1687 2572 mediate
1703 2542 1756 2572 vel
1776 2541 1970 2572 immediate
1987 2541 2174 2572 dominium

586 2597 617 2627 et
631 2596 903 2636 jurisdictionem
931 2605 997 2626 non
1025 2596 1165 2626 obtinet.
1191 2596 1243 2635 (A.
1265 2597 1314 2632 53,
1334 2595 1355 2626 f.
1375 2597 1432 2626 173
1449 2599 1503 2630 νο,
1527 2594 1560 2625 V.
1579 2596 1648 2631 127,
1665 2604 1696 2625 n.
1721 2596 1797 2631 346;
1815 2595 1971 2629 Daumet,
1990 2603 2022 2624 n.
2047 2596 2117 2629 581,
2133 2594 2174 2625 cf.

586 2658 617 2679 n.
635 2650 724 2685 7296,
743 2651 831 2686 7297,
849 2650 954 2687 7514.)

630 2701 640 2712 ³
659 2699 767 2730 7420.
786 2720 823 2724 -—
846 2702 973 2732 Vicariis
997 2701 1330 2741 Constantinopolitan.
1357 2705 1384 2730 et
1413 2700 1638 2740 Niyroponten.
1663 2700 1748 2735 eccl„
1774 2700 1886 2731 mand.
1920 2702 1957 2731 ut
1985 2700 2173 2736 Isnardum,

586 2756 791 2794 archiep.um
809 2755 955 2785 Theban.
973 2757 1004 2786 et
1019 2755 1219 2794 Gregorium
1242 2755 1281 2784 de
1300 2754 1417 2793 Papia,
1437 2754 1506 2784 ord.
1528 2754 1648 2791 Praed.,
1668 2754 1741 2792 ejus
1756 2754 1933 2790 vicarium,
1950 2762 2051 2792 super
2075 2753 2176 2784 certis

586 2808 783 2839 excessibus
811 2808 939 2838 delatos
956 2808 1057 2838 citent
1075 2809 1111 2837 ut
1129 2809 1218 2838 certo
1235 2807 1378 2837 termino
1397 2808 1504 2845 apost.
1525 2806 1719 2845 conspectui
1734 2806 1958 2845 personaliter
1975 2815 2010 2837 se
2032 2815 2175 2845 praesen-

586 2863 675 2896 tent;
694 2861 859 2891 referente
878 2860 954 2891 nob.
972 2860 1120 2897 Galtero,
1140 2861 1222 2890 duce
1239 2860 1460 2895 Athenarum,
1477 2859 1597 2890 comite
1616 2860 1748 2890 Brenne
1763 2861 1795 2890 et
1813 2859 1911 2896 Licii,
1929 2859 1986 2898 qui
2007 2868 2025 2890 a
2040 2867 2172 2898 posses·

586 2915 679 2944 sione
695 2915 835 2944 ducatus
850 2913 1056 2944 Athenarum
1071 2913 1140 2952 jam
1154 2922 1172 2943 a
1188 2914 1339 2952 tempore
1348 2912 1489 2943 Joannis
1507 2913 1617 2947 XXII,
1635 2921 1694 2951 per
1712 2912 1876 2951 quosdam
1897 2912 2073 2943 invasores
2087 2920 2174 2950 saepe
