<?xml version="1.0" encoding="UTF-8"?>
<!DOCTYPE html PUBLIC "-//W3C//DTD XHTML 1.0 Transitional//EN"
    "http://www.w3.org/TR/xhtml1/DTD/xhtml1-transitional.dtd">
<html xmlns="http://www.w3.org/1999/xhtml" xml:lang="en" lang="en">
 <head>
  <title>
</title>
<meta http-equiv="Content-Type" content="text/html;charset=utf-8" />
  <meta name='ocr-system' content='tesseract 3.04.00' />
  <meta name='ocr-capabilities' content='ocr_page ocr_carea ocr_par ocr_line ocrx_word'/>
</head>
<body>
  <div class='ocr_page' id='page_1' title='image "benotxii13341302cathuoft_0123.png"; bbox 0 0 2376 3334; ppageno 0'>
   <div class='ocr_carea' id='block_1_1' title="bbox 89 344 393 380">
    <p class='ocr_par' dir='ltr' id='par_1_1' title="bbox 89 344 393 380">
     <span class='ocr_line' id='line_1_1' title="bbox 89 344 393 380; baseline -0.016 0"><span class='ocrx_word' id='word_1_1' title='bbox 89 354 192 380; x_wconf 70' lang='lat' dir='ltr'>natum</span> <span class='ocrx_word' id='word_1_2' title='bbox 210 344 393 380; x_wconf 74' lang='grc' dir='ltr'>Αυθηὶοηθ.</span> 
     </span>
    </p>
   </div>
   <div class='ocr_carea' id='block_1_2' title="bbox 198 417 286 422">
    <p class='ocr_par' dir='ltr' id='par_1_2' title="bbox 198 417 286 422">
     <span class='ocr_line' id='line_1_2' title="bbox 198 417 286 422; baseline 0 0"><span class='ocrx_word' id='word_1_3' title='bbox 198 417 286 422; x_wconf 95' lang='lat' dir='ltr'> </span> 
     </span>
    </p>
   </div>
   <div class='ocr_carea' id='block_1_3' title="bbox 141 1718 364 1799">
    <p class='ocr_par' dir='ltr' id='par_1_3' title="bbox 141 1718 364 1799">
     <span class='ocr_line' id='line_1_3' title="bbox 141 1718 364 1754; baseline -0.013 -7"><span class='ocrx_word' id='word_1_4' title='bbox 141 1719 178 1747; x_wconf 83' lang='grc'>30</span> <span class='ocrx_word' id='word_1_5' title='bbox 191 1720 256 1754; x_wconf 71' lang='lat' dir='ltr'>jan.</span> <span class='ocrx_word' id='word_1_6' title='bbox 278 1718 364 1745; x_wconf 65' lang='lat'>1338.</span> 
     </span>
     <span class='ocr_line' id='line_1_4' title="bbox 148 1761 361 1799; baseline -0.005 -9"><span class='ocrx_word' id='word_1_7' title='bbox 148 1767 195 1799; x_wconf 82' lang='lat'>(111</span> <span class='ocrx_word' id='word_1_8' title='bbox 212 1763 270 1790; x_wconf 84' lang='lat' dir='ltr'>kal.</span> <span class='ocrx_word' id='word_1_9' title='bbox 289 1761 361 1797; x_wconf 84' lang='lat' dir='ltr'>feb.)</span> 
     </span>
    </p>
   </div>
   <div class='ocr_carea' id='block_1_4' title="bbox 218 1932 294 1959">
    <p class='ocr_par' dir='ltr' id='par_1_4' title="bbox 218 1932 294 1959">
     <span class='ocr_line' id='line_1_5' title="bbox 218 1932 294 1959; baseline -0.013 0"><span class='ocrx_word' id='word_1_10' title='bbox 218 1932 250 1959; x_wconf 86' lang='lat' dir='ltr'>Ui</span> <span class='ocrx_word' id='word_1_11' title='bbox 272 1940 294 1958; x_wconf 87' lang='lat' dir='ltr'>s.</span> 
     </span>
    </p>
   </div>
   <div class='ocr_carea' id='block_1_5' title="bbox 155 2246 373 2327">
    <p class='ocr_par' dir='ltr' id='par_1_5' title="bbox 155 2246 373 2327">
     <span class='ocr_line' id='line_1_6' title="bbox 205 2246 310 2280; baseline -0.01 -7"><span class='ocrx_word' id='word_1_12' title='bbox 205 2247 241 2274; x_wconf 74' lang='lat'>20</span> <span class='ocrx_word' id='word_1_13' title='bbox 257 2246 310 2280; x_wconf 79' lang='lat' dir='ltr'>feb.</span> 
     </span>
     <span class='ocr_line' id='line_1_7' title="bbox 155 2291 373 2327; baseline -0.009 -9"><span class='ocrx_word' id='word_1_14' title='bbox 155 2293 184 2327; x_wconf 85' lang='lat' dir='ltr'>(x</span> <span class='ocrx_word' id='word_1_15' title='bbox 200 2292 257 2318; x_wconf 86' lang='lat' dir='ltr'>kal.</span> <span class='ocrx_word' id='word_1_16' title='bbox 274 2291 373 2324; x_wconf 83' lang='lat' dir='ltr'>mart.)</span> 
     </span>
    </p>
   </div>
   <div class='ocr_carea' id='block_1_6' title="bbox 216 2459 309 2493">
    <p class='ocr_par' dir='ltr' id='par_1_6' title="bbox 216 2459 309 2493">
     <span class='ocr_line' id='line_1_8' title="bbox 216 2459 309 2493; baseline 0 -8"><span class='ocrx_word' id='word_1_17' title='bbox 216 2459 233 2485; x_wconf 90' lang='grc'><em>9</em></span> <span class='ocrx_word' id='word_1_18' title='bbox 247 2466 309 2493; x_wconf 73' lang='grc' dir='ltr'>αρν.</span> 
     </span>
    </p>
   </div>
   <div class='ocr_carea' id='block_1_7' title="bbox 120 2502 407 2537">
    <p class='ocr_par' dir='ltr' id='par_1_7' title="bbox 120 2502 407 2537">
     <span class='ocr_line' id='line_1_9' title="bbox 120 2502 407 2537; baseline 0.003 -9"><span class='ocrx_word' id='word_1_19' title='bbox 120 2502 162 2537; x_wconf 86' lang='lat' dir='ltr'>(In</span> <span class='ocrx_word' id='word_1_20' title='bbox 176 2504 258 2529; x_wconf 64' lang='lat' dir='ltr'>(irena</span> <span class='ocrx_word' id='word_1_21' title='bbox 272 2502 407 2536; x_wconf 84' lang='lat' dir='ltr'>Domini).</span> 
     </span>
    </p>
   </div>
   <div class='ocr_carea' id='block_1_8' title="bbox 453 365 479 2963">
    <p class='ocr_par' dir='ltr' id='par_1_8' title="bbox 453 365 479 2963">
     <span class='ocr_line' id='line_1_10' title="bbox 453 365 479 2963; baseline 0 0"><span class='ocrx_word' id='word_1_22' title='bbox 453 365 479 2963; x_wconf 95' lang='lat' dir='ltr'> </span> 
     </span>
    </p>
   </div>
   <div class='ocr_carea' id='block_1_9' title="bbox 472 250 2061 289">
    <p class='ocr_par' dir='ltr' id='par_1_9' title="bbox 472 250 2061 289">
     <span class='ocr_line' id='line_1_11' title="bbox 472 250 2061 289; baseline -0.006 -1"><span class='ocrx_word' id='word_1_23' title='bbox 472 258 628 289; x_wconf 84' lang='lat' dir='ltr'>BENED.</span> <span class='ocrx_word' id='word_1_24' title='bbox 652 256 716 286; x_wconf 87' lang='lat' dir='ltr'>XII</span> <span class='ocrx_word' id='word_1_25' title='bbox 737 272 773 277; x_wconf 93' lang='lat'>—</span> <span class='ocrx_word' id='word_1_26' title='bbox 790 253 998 284; x_wconf 75' lang='lat' dir='ltr'>LITTERAE</span> <span class='ocrx_word' id='word_1_27' title='bbox 1021 252 1080 282; x_wconf 91' lang='lat' dir='ltr'>DE</span> <span class='ocrx_word' id='word_1_28' title='bbox 1102 252 1248 282; x_wconf 71' lang='lat' dir='ltr'>CURIA.</span> <span class='ocrx_word' id='word_1_29' title='bbox 1274 269 1309 273; x_wconf 88' lang='lat'>—</span> <span class='ocrx_word' id='word_1_30' title='bbox 1334 251 1442 280; x_wconf 81' lang='lat' dir='ltr'>ANNI</span> <span class='ocrx_word' id='word_1_31' title='bbox 1468 251 1510 279; x_wconf 75' lang='lat' dir='ltr'>iv</span> <span class='ocrx_word' id='word_1_32' title='bbox 1535 250 1654 287; x_wconf 87' lang='lat'>(1338›</span> <span class='ocrx_word' id='word_1_33' title='bbox 2009 252 2061 279; x_wconf 87' lang='grc'>111</span> 
     </span>
    </p>
   </div>
   <div class='ocr_carea' id='block_1_10' title="bbox 485 437 2067 482">
    <p class='ocr_par' dir='ltr' id='par_1_10' title="bbox 485 437 2067 482">
     <span class='ocr_line' id='line_1_12' title="bbox 485 437 2067 482; baseline -0.006 -6"><span class='ocrx_word' id='word_1_34' title='bbox 485 454 549 476; x_wconf 89' lang='lat' dir='ltr'>non</span> <span class='ocrx_word' id='word_1_35' title='bbox 569 445 662 475; x_wconf 87' lang='lat' dir='ltr'>stetit</span> <span class='ocrx_word' id='word_1_36' title='bbox 681 452 787 482; x_wconf 84' lang='lat' dir='ltr'>neque</span> <span class='ocrx_word' id='word_1_37' title='bbox 804 442 905 473; x_wconf 88' lang='lat' dir='ltr'>stabit</span> <span class='ocrx_word' id='word_1_38' title='bbox 923 442 1003 481; x_wconf 88' lang='lat' dir='ltr'>quin</span> <span class='ocrx_word' id='word_1_39' title='bbox 1022 442 1061 471; x_wconf 89' lang='lat' dir='ltr'>ad</span> <span class='ocrx_word' id='word_1_40' title='bbox 1079 440 1383 471; x_wconf 80' lang='lat' dir='ltr'>reconciliationem</span> <span class='ocrx_word' id='word_1_41' title='bbox 1402 439 1593 477; x_wconf 68' lang='lat' dir='ltr'>praedictam</span> <span class='ocrx_word' id='word_1_42' title='bbox 1610 438 1854 477; x_wconf 72' lang='lat' dir='ltr'>procederetur,</span> <span class='ocrx_word' id='word_1_43' title='bbox 1877 439 1907 467; x_wconf 86' lang='lat' dir='ltr'>et</span> <span class='ocrx_word' id='word_1_44' title='bbox 1920 437 1988 476; x_wconf 85' lang='lat' dir='ltr'>jam</span> <span class='ocrx_word' id='word_1_45' title='bbox 2006 437 2067 466; x_wconf 92' lang='lat' dir='ltr'>du-</span> 
     </span>
    </p>
   </div>
   <div class='ocr_carea' id='block_1_11' title="bbox 485 490 2067 535">
    <p class='ocr_par' dir='ltr' id='par_1_11' title="bbox 452 486 2067 549">
     <span class='ocr_line' id='line_1_13' title="bbox 485 490 2067 535; baseline -0.006 -7.204"><span class='ocrx_word' id='word_1_46' title='bbox 485 499 562 528; x_wconf 91' lang='lat' dir='ltr'>dum</span> <span class='ocrx_word' id='word_1_47' title='bbox 580 497 701 527; x_wconf 87' lang='lat' dir='ltr'>fuisset</span> <span class='ocrx_word' id='word_1_48' title='bbox 720 503 915 535; x_wconf 79' lang='lat' dir='ltr'>processum</span> <span class='ocrx_word' id='word_1_49' title='bbox 935 496 966 524; x_wconf 83' lang='lat' dir='ltr'>et</span> <span class='ocrx_word' id='word_1_50' title='bbox 982 494 1069 533; x_wconf 87' lang='lat' dir='ltr'>quod</span> <span class='ocrx_word' id='word_1_51' title='bbox 1089 502 1221 532; x_wconf 91' lang='lat' dir='ltr'>semper</span> <span class='ocrx_word' id='word_1_52' title='bbox 1243 492 1440 523; x_wconf 78' lang='lat' dir='ltr'>exhibuerat</span> <span class='ocrx_word' id='word_1_53' title='bbox 1457 500 1491 521; x_wconf 88' lang='lat' dir='ltr'>se</span> <span class='ocrx_word' id='word_1_54' title='bbox 1510 492 1697 530; x_wconf 79' lang='lat' dir='ltr'>promptam</span> <span class='ocrx_word' id='word_1_55' title='bbox 1716 492 1747 520; x_wconf 90' lang='lat' dir='ltr'>et</span> <span class='ocrx_word' id='word_1_56' title='bbox 1766 491 1916 528; x_wconf 85' lang='lat' dir='ltr'>paratam</span> <span class='ocrx_word' id='word_1_57' title='bbox 1935 490 1975 519; x_wconf 88' lang='lat' dir='ltr'>ad</span> <span class='ocrx_word' id='word_1_58' title='bbox 1992 498 2067 527; x_wconf 91' lang='lat' dir='ltr'>pro-</span> 
     </span>
    </p>
   </div>
   <div class='ocr_carea' id='block_1_12' title="bbox 485 542 2064 586">
    <p class='ocr_par' dir='ltr' id='par_1_12' title="bbox 485 542 2064 586">
     <span class='ocr_line' id='line_1_14' title="bbox 485 542 2064 586; baseline -0.006 -6"><span class='ocrx_word' id='word_1_59' title='bbox 485 551 667 581; x_wconf 90' lang='lat' dir='ltr'>cedendum</span> <span class='ocrx_word' id='word_1_60' title='bbox 691 558 765 579; x_wconf 90' lang='lat' dir='ltr'>cum</span> <span class='ocrx_word' id='word_1_61' title='bbox 790 548 922 578; x_wconf 89' lang='lat' dir='ltr'>nunciis</span> <span class='ocrx_word' id='word_1_62' title='bbox 939 548 1021 586; x_wconf 82' lang='lat' dir='ltr'>ejus,</span> <span class='ocrx_word' id='word_1_63' title='bbox 1042 546 1196 576; x_wconf 81' lang='lat' dir='ltr'>videlicet</span> <span class='ocrx_word' id='word_1_64' title='bbox 1220 546 1340 575; x_wconf 84' lang='lat' dir='ltr'>comite</span> <span class='ocrx_word' id='word_1_65' title='bbox 1360 545 1523 575; x_wconf 81' lang='lat' dir='ltr'>Juliacen.</span> <span class='ocrx_word' id='word_1_66' title='bbox 1542 546 1573 574; x_wconf 84' lang='lat' dir='ltr'>et</span> <span class='ocrx_word' id='word_1_67' title='bbox 1589 544 1677 578; x_wconf 82' lang='lat' dir='ltr'>aliis,</span> <span class='ocrx_word' id='word_1_68' title='bbox 1698 544 1729 573; x_wconf 87' lang='lat' dir='ltr'>et</span> <span class='ocrx_word' id='word_1_69' title='bbox 1745 544 1780 573; x_wconf 91' lang='lat' dir='ltr'>ut</span> <span class='ocrx_word' id='word_1_70' title='bbox 1799 544 1912 581; x_wconf 83' lang='lat' dir='ltr'>posset</span> <span class='ocrx_word' id='word_1_71' title='bbox 1933 542 2064 580; x_wconf 84' lang='lat' dir='ltr'>procedi</span> 
     </span>
    </p>
   </div>
   <div class='ocr_carea' id='block_1_13' title="bbox 453 588 2066 714">
    <p class='ocr_par' dir='ltr' id='par_1_13' title="bbox 453 588 2066 714">
     <span class='ocr_line' id='line_1_15' title="bbox 453 588 2066 648; baseline -0.006 -14"><span class='ocrx_word' id='word_1_72' title='bbox 453 588 454 648; x_wconf 37' lang='lat' dir='ltr'><strong>J</strong></span> <span class='ocrx_word' id='word_1_73' title='bbox 485 604 617 634; x_wconf 90' lang='lat' dir='ltr'>cautius</span> <span class='ocrx_word' id='word_1_74' title='bbox 635 604 666 632; x_wconf 91' lang='lat' dir='ltr'>et</span> <span class='ocrx_word' id='word_1_75' title='bbox 681 601 824 632; x_wconf 83' lang='lat' dir='ltr'>celerius</span> <span class='ocrx_word' id='word_1_76' title='bbox 845 601 879 630; x_wconf 89' lang='lat' dir='ltr'>in</span> <span class='ocrx_word' id='word_1_77' title='bbox 897 600 1168 630; x_wconf 81' lang='lat' dir='ltr'>reconciliatione</span> <span class='ocrx_word' id='word_1_78' title='bbox 1188 598 1344 637; x_wconf 72' lang='lat' dir='ltr'>praedieta</span> <span class='ocrx_word' id='word_1_79' title='bbox 1371 597 1493 627; x_wconf 78' lang='lat' dir='ltr'>fecerat</span> <span class='ocrx_word' id='word_1_80' title='bbox 1511 596 1697 627; x_wconf 83' lang='lat' dir='ltr'>examinari</span> <span class='ocrx_word' id='word_1_81' title='bbox 1717 595 1945 634; x_wconf 88' lang='lat' dir='ltr'>procuratoria</span> <span class='ocrx_word' id='word_1_82' title='bbox 1961 594 2066 625; x_wconf 89' lang='lat' dir='ltr'>Ludo-</span> 
     </span>
     <span class='ocr_line' id='line_1_16' title="bbox 453 647 2009 694; baseline -0.006 -8"><span class='ocrx_word' id='word_1_83' title='bbox 453 649 455 664; x_wconf 59' lang='lat'><em>¹</em></span> <span class='ocrx_word' id='word_1_84' title='bbox 485 656 550 686; x_wconf 83' lang='lat' dir='ltr'>vici</span> <span class='ocrx_word' id='word_1_85' title='bbox 567 655 695 694; x_wconf 60' lang='lat' dir='ltr'>praefati</span> <span class='ocrx_word' id='word_1_86' title='bbox 714 656 745 684; x_wconf 90' lang='lat' dir='ltr'>et</span> <span class='ocrx_word' id='word_1_87' title='bbox 764 653 953 684; x_wconf 81' lang='lat' dir='ltr'>abbreviari</span> <span class='ocrx_word' id='word_1_88' title='bbox 973 660 1151 691; x_wconf 82' lang='lat' dir='ltr'>processus</span> <span class='ocrx_word' id='word_1_89' title='bbox 1168 660 1225 689; x_wconf 86' lang='lat' dir='ltr'>per</span> <span class='ocrx_word' id='word_1_90' title='bbox 1240 651 1402 681; x_wconf 83' lang='lat' dir='ltr'>Joannem</span> <span class='ocrx_word' id='word_1_91' title='bbox 1420 650 1517 680; x_wconf 84' lang='lat' dir='ltr'>XXII</span> <span class='ocrx_word' id='word_1_92' title='bbox 1537 649 1679 679; x_wconf 85' lang='lat' dir='ltr'>habitos.</span> <span class='ocrx_word' id='word_1_93' title='bbox 1702 649 1751 685; x_wconf 87' lang='lat' dir='ltr'>(A.</span> <span class='ocrx_word' id='word_1_94' title='bbox 1773 650 1821 683; x_wconf 86' lang='lat'>52,</span> <span class='ocrx_word' id='word_1_95' title='bbox 1843 647 1863 677; x_wconf 88' lang='lat' dir='ltr'>f.</span> <span class='ocrx_word' id='word_1_96' title='bbox 1881 648 1938 677; x_wconf 86' lang='lat'>238</span> <span class='ocrx_word' id='word_1_97' title='bbox 1955 647 2009 685; x_wconf 85' lang='lat' dir='ltr'>v⁰.)</span> 
     </span>
     <span class='ocr_line' id='line_1_17' title="bbox 454 702 455 714; baseline 0 0"><span class='ocrx_word' id='word_1_98' title='bbox 454 702 455 714; x_wconf 80' lang='lat' dir='ltr'>l</span> 
     </span>
    </p>
   </div>
   <div class='ocr_carea' id='block_1_14' title="bbox 911 1052 1658 1260">
    <p class='ocr_par' dir='ltr' id='par_1_14' title="bbox 911 1052 1658 1260">
     <span class='ocr_line' id='line_1_18' title="bbox 1003 1052 1567 1116; baseline -0.007 0"><span class='ocrx_word' id='word_1_99' title='bbox 1003 1052 1402 1116; x_wconf 82' lang='lat' dir='ltr'>BENEDICTI</span> <span class='ocrx_word' id='word_1_100' title='bbox 1456 1052 1567 1113; x_wconf 87' lang='lat' dir='ltr'>XII</span> 
     </span>
     <span class='ocr_line' id='line_1_19' title="bbox 911 1201 1658 1260; baseline -0.008 0"><span class='ocrx_word' id='word_1_101' title='bbox 911 1204 1245 1260; x_wconf 86' lang='lat' dir='ltr'>LITTERAE</span> <span class='ocrx_word' id='word_1_102' title='bbox 1296 1204 1387 1256; x_wconf 88' lang='lat' dir='ltr'>DE</span> <span class='ocrx_word' id='word_1_103' title='bbox 1437 1201 1658 1256; x_wconf 85' lang='lat' dir='ltr'>CURIA</span> 
     </span>
    </p>
   </div>
   <div class='ocr_carea' id='block_1_15' title="bbox 1088 1360 1482 1409">
    <p class='ocr_par' dir='ltr' id='par_1_15' title="bbox 1088 1360 1482 1409">
     <span class='ocr_line' id='line_1_20' title="bbox 1088 1360 1482 1409; baseline -0.01 -10"><span class='ocrx_word' id='word_1_104' title='bbox 1088 1362 1221 1399; x_wconf 78' lang='lat' dir='ltr'>ANNI</span> <span class='ocrx_word' id='word_1_105' title='bbox 1257 1362 1310 1397; x_wconf 83' lang='lat' dir='ltr'>iv</span> <span class='ocrx_word' id='word_1_106' title='bbox 1342 1360 1482 1409; x_wconf 83' lang='lat'>(1338)</span> 
     </span>
    </p>
   </div>
   <div class='ocr_carea' id='block_1_16' title="bbox 541 1700 2081 1750">
    <p class='ocr_par' dir='ltr' id='par_1_16' title="bbox 541 1700 2081 1750">
     <span class='ocr_line' id='line_1_21' title="bbox 541 1700 2081 1750; baseline -0.008 -9"><span class='ocrx_word' id='word_1_107' title='bbox 541 1710 650 1742; x_wconf 74' lang='lat'>6354.</span> <span class='ocrx_word' id='word_1_108' title='bbox 670 1730 707 1734; x_wconf 76' lang='lat'>-</span> <span class='ocrx_word' id='word_1_109' title='bbox 726 1712 810 1750; x_wconf 73' lang='lat' dir='ltr'>May.</span> <span class='ocrx_word' id='word_1_110' title='bbox 838 1710 985 1749; x_wconf 75' lang='lat' dir='ltr'>Philippo</span> <span class='ocrx_word' id='word_1_111' title='bbox 1007 1709 1043 1738; x_wconf 83' lang='lat' dir='ltr'>de</span> <span class='ocrx_word' id='word_1_112' title='bbox 1066 1706 1298 1742; x_wconf 76' lang='lat' dir='ltr'>Cambarllzaco,</span> <span class='ocrx_word' id='word_1_113' title='bbox 1326 1705 1444 1743; x_wconf 83' lang='lat' dir='ltr'>Apost.</span> <span class='ocrx_word' id='word_1_114' title='bbox 1474 1704 1549 1735; x_wconf 86' lang='lat' dir='ltr'>Sed.</span> <span class='ocrx_word' id='word_1_115' title='bbox 1574 1703 1703 1738; x_wconf 80' lang='lat' dir='ltr'>nuntio,</span> <span class='ocrx_word' id='word_1_116' title='bbox 1725 1701 1850 1732; x_wconf 79' lang='lat' dir='ltr'>archid.</span> <span class='ocrx_word' id='word_1_117' title='bbox 1877 1700 2026 1731; x_wconf 84' lang='lat' dir='ltr'>Gauden.</span> <span class='ocrx_word' id='word_1_118' title='bbox 2047 1700 2081 1729; x_wconf 89' lang='lat' dir='ltr'>in</span> 
     </span>
    </p>
   </div>
   <div class='ocr_carea' id='block_1_17' title="bbox 464 1753 2080 1800">
    <p class='ocr_par' dir='ltr' id='par_1_17' title="bbox 464 1753 2080 1800">
     <span class='ocr_line' id='line_1_22' title="bbox 464 1753 2080 1800; baseline -0.01 -2"><span class='ocrx_word' id='word_1_119' title='bbox 464 1785 465 1788; x_wconf 67' lang='lat'><em>=</em></span> <span class='ocrx_word' id='word_1_120' title='bbox 497 1768 576 1798; x_wconf 88' lang='lat' dir='ltr'>eccl.</span> <span class='ocrx_word' id='word_1_121' title='bbox 604 1767 802 1798; x_wconf 85' lang='lat' dir='ltr'>Tornaceu.,</span> <span class='ocrx_word' id='word_1_122' title='bbox 828 1764 864 1794; x_wconf 90' lang='lat' dir='ltr'>P.</span> <span class='ocrx_word' id='word_1_123' title='bbox 882 1764 919 1793; x_wconf 88' lang='lat' dir='ltr'>P.</span> <span class='ocrx_word' id='word_1_124' title='bbox 944 1770 1029 1800; x_wconf 77' lang='lat' dir='ltr'>cap,</span> <span class='ocrx_word' id='word_1_125' title='bbox 1047 1761 1160 1791; x_wconf 86' lang='lat' dir='ltr'>mand.</span> <span class='ocrx_word' id='word_1_126' title='bbox 1179 1762 1215 1790; x_wconf 91' lang='lat' dir='ltr'>ut</span> <span class='ocrx_word' id='word_1_127' title='bbox 1233 1760 1347 1789; x_wconf 88' lang='lat' dir='ltr'>contra</span> <span class='ocrx_word' id='word_1_128' title='bbox 1365 1757 1528 1796; x_wconf 87' lang='lat' dir='ltr'>quosdam</span> <span class='ocrx_word' id='word_1_129' title='bbox 1555 1756 1770 1794; x_wconf 81' lang='lat' dir='ltr'>occupatores</span> <span class='ocrx_word' id='word_1_130' title='bbox 1797 1754 1962 1784; x_wconf 86' lang='lat' dir='ltr'>bonorum</span> <span class='ocrx_word' id='word_1_131' title='bbox 1980 1753 2080 1783; x_wconf 88' lang='lat' dir='ltr'>eccle-</span> 
     </span>
    </p>
   </div>
   <div class='ocr_carea' id='block_1_18' title="bbox 495 1805 2140 2967">
    <p class='ocr_par' dir='ltr' id='par_1_18' title="bbox 495 1805 2081 1914">
     <span class='ocr_line' id='line_1_23' title="bbox 498 1805 2081 1858; baseline -0.011 -7"><span class='ocrx_word' id='word_1_132' title='bbox 498 1821 593 1851; x_wconf 85' lang='lat' dir='ltr'>siast.</span> <span class='ocrx_word' id='word_1_133' title='bbox 610 1820 643 1849; x_wconf 88' lang='lat' dir='ltr'>in</span> <span class='ocrx_word' id='word_1_134' title='bbox 662 1817 814 1858; x_wconf 84' lang='lat' dir='ltr'>partibus</span> <span class='ocrx_word' id='word_1_135' title='bbox 835 1815 1058 1854; x_wconf 86' lang='lat' dir='ltr'>Dalphinatus</span> <span class='ocrx_word' id='word_1_136' title='bbox 1076 1816 1107 1844; x_wconf 87' lang='lat' dir='ltr'>et</span> <span class='ocrx_word' id='word_1_137' title='bbox 1124 1813 1303 1843; x_wconf 81' lang='lat' dir='ltr'>comitatus</span> <span class='ocrx_word' id='word_1_138' title='bbox 1317 1810 1491 1841; x_wconf 74' lang='lat' dir='ltr'>Sabaudiae</span> <span class='ocrx_word' id='word_1_139' title='bbox 1506 1809 1604 1839; x_wconf 82' lang='lat' dir='ltr'>faciat</span> <span class='ocrx_word' id='word_1_140' title='bbox 1622 1808 1775 1846; x_wconf 88' lang='lat' dir='ltr'>personis</span> <span class='ocrx_word' id='word_1_141' title='bbox 1791 1805 2081 1845; x_wconf 59' lang='lat' dir='ltr'>conquaerentibus</span> 
     </span>
     <span class='ocr_line' id='line_1_24' title="bbox 495 1860 1970 1914; baseline -0.012 -10"><span class='ocrx_word' id='word_1_142' title='bbox 495 1873 635 1914; x_wconf 81' lang='lat' dir='ltr'>justitiae</span> <span class='ocrx_word' id='word_1_143' title='bbox 653 1871 946 1909; x_wconf 84' lang='lat' dir='ltr'>complementum.</span> <span class='ocrx_word' id='word_1_144' title='bbox 966 1868 1016 1905; x_wconf 88' lang='lat' dir='ltr'>(A.</span> <span class='ocrx_word' id='word_1_145' title='bbox 1036 1868 1086 1903; x_wconf 87' lang='lat'>52,</span> <span class='ocrx_word' id='word_1_146' title='bbox 1106 1866 1126 1896; x_wconf 90' lang='lat' dir='ltr'>f.</span> <span class='ocrx_word' id='word_1_147' title='bbox 1147 1867 1202 1899; x_wconf 87' lang='grc'>12;</span> <span class='ocrx_word' id='word_1_148' title='bbox 1227 1865 1261 1895; x_wconf 91' lang='lat' dir='ltr'>V.</span> <span class='ocrx_word' id='word_1_149' title='bbox 1280 1866 1348 1898; x_wconf 80' lang='grc'>125,</span> <span class='ocrx_word' id='word_1_150' title='bbox 1368 1872 1398 1894; x_wconf 91' lang='lat' dir='ltr'>n.</span> <span class='ocrx_word' id='word_1_151' title='bbox 1421 1866 1477 1898; x_wconf 85' lang='lat'><strong>1-1,</strong></span> <span class='ocrx_word' id='word_1_152' title='bbox 1498 1862 1533 1891; x_wconf 78' lang='lat' dir='ltr'>de</span> <span class='ocrx_word' id='word_1_153' title='bbox 1549 1862 1648 1896; x_wconf 59' lang='lat' dir='ltr'>cariffi</span> <span class='ocrx_word' id='word_1_154' title='bbox 1665 1861 1820 1896; x_wconf 87' lang='lat' dir='ltr'>Daumet,</span> <span class='ocrx_word' id='word_1_155' title='bbox 1838 1868 1869 1888; x_wconf 90' lang='lat' dir='ltr'>n.</span> <span class='ocrx_word' id='word_1_156' title='bbox 1888 1860 1970 1894; x_wconf 78' lang='grc'>402.)</span> 
     </span>
    </p>

    <p class='ocr_par' dir='ltr' id='par_1_19' title="bbox 499 1911 2085 2226">
     <span class='ocr_line' id='line_1_25' title="bbox 544 1911 2084 1962; baseline -0.01 -8"><span class='ocrx_word' id='word_1_157' title='bbox 544 1923 651 1954; x_wconf 76' lang='lat'><strong>6355.</strong></span> <span class='ocrx_word' id='word_1_158' title='bbox 672 1942 710 1946; x_wconf 86' lang='lat'>——</span> <span class='ocrx_word' id='word_1_159' title='bbox 722 1922 896 1962; x_wconf 74' lang='lat' dir='ltr'>Arclziep.is</span> <span class='ocrx_word' id='word_1_160' title='bbox 905 1927 931 1951; x_wconf 78' lang='lat' dir='ltr'>e!</span> <span class='ocrx_word' id='word_1_161' title='bbox 942 1921 1027 1960; x_wconf 49' lang='grc' dir='ltr'>εμπ,</span> <span class='ocrx_word' id='word_1_162' title='bbox 1038 1918 1353 1958; x_wconf 74' lang='lat' dir='ltr'>caelerisquepersom‘s</span> <span class='ocrx_word' id='word_1_163' title='bbox 1367 1915 1573 1945; x_wconf 78' lang='lat' dir='ltr'>ecclesiasticis</span> <span class='ocrx_word' id='word_1_164' title='bbox 1588 1914 1675 1943; x_wconf 75' lang='lat' dir='ltr'>etiam</span> <span class='ocrx_word' id='word_1_165' title='bbox 1691 1913 1864 1943; x_wconf 79' lang='lat' dir='ltr'>militarium</span> <span class='ocrx_word' id='word_1_166' title='bbox 1877 1911 1956 1947; x_wconf 53' lang='lat' dir='ltr'>ord„</span> <span class='ocrx_word' id='word_1_167' title='bbox 1968 1921 2084 1950; x_wconf 66' lang='lat' dir='ltr'>exemp-</span> 
     </span>
     <span class='ocr_line' id='line_1_26' title="bbox 500 1965 2082 2016; baseline -0.009 -8"><span class='ocrx_word' id='word_1_168' title='bbox 500 1980 538 2009; x_wconf 80' lang='lat' dir='ltr'>tis</span> <span class='ocrx_word' id='word_1_169' title='bbox 553 1983 579 2009; x_wconf 83' lang='lat' dir='ltr'>et</span> <span class='ocrx_word' id='word_1_170' title='bbox 596 1988 653 2008; x_wconf 80' lang='lat' dir='ltr'>non</span> <span class='ocrx_word' id='word_1_171' title='bbox 677 1976 835 2016; x_wconf 58' lang='lat' dir='ltr'>exemplis,</span> <span class='ocrx_word' id='word_1_172' title='bbox 858 1975 969 2005; x_wconf 83' lang='lat' dir='ltr'>mand.</span> <span class='ocrx_word' id='word_1_173' title='bbox 991 1975 1026 2004; x_wconf 92' lang='lat' dir='ltr'>ut</span> <span class='ocrx_word' id='word_1_174' title='bbox 1044 1973 1133 2003; x_wconf 87' lang='lat' dir='ltr'>ultra</span> <span class='ocrx_word' id='word_1_175' title='bbox 1157 1973 1226 2001; x_wconf 80' lang='lat' dir='ltr'>tres</span> <span class='ocrx_word' id='word_1_176' title='bbox 1244 1971 1316 2000; x_wconf 88' lang='lat' dir='ltr'>ssor.</span> <span class='ocrx_word' id='word_1_177' title='bbox 1346 1969 1503 2008; x_wconf 80' lang='lat' dir='ltr'>praedicto</span> <span class='ocrx_word' id='word_1_178' title='bbox 1526 1967 1682 2005; x_wconf 88' lang='lat' dir='ltr'>Philippo</span> <span class='ocrx_word' id='word_1_179' title='bbox 1702 1967 1740 1996; x_wconf 89' lang='lat' dir='ltr'>de</span> <span class='ocrx_word' id='word_1_180' title='bbox 1767 1965 2005 1996; x_wconf 85' lang='lat' dir='ltr'>Cambarlhaco</span> <span class='ocrx_word' id='word_1_181' title='bbox 2024 1972 2082 2002; x_wconf 90' lang='lat' dir='ltr'>per</span> 
     </span>
     <span class='ocr_line' id='line_1_27' title="bbox 501 2018 2085 2063; baseline -0.01 0"><span class='ocrx_word' id='word_1_182' title='bbox 501 2034 538 2063; x_wconf 80' lang='lat' dir='ltr'>P.</span> <span class='ocrx_word' id='word_1_183' title='bbox 553 2033 590 2062; x_wconf 83' lang='lat' dir='ltr'>P.</span> <span class='ocrx_word' id='word_1_184' title='bbox 615 2031 801 2061; x_wconf 85' lang='lat' dir='ltr'>destinatos</span> <span class='ocrx_word' id='word_1_185' title='bbox 819 2037 922 2058; x_wconf 89' lang='lat' dir='ltr'>unum</span> <span class='ocrx_word' id='word_1_186' title='bbox 940 2028 1011 2057; x_wconf 85' lang='lat' dir='ltr'>flor.</span> <span class='ocrx_word' id='word_1_187' title='bbox 1031 2026 1102 2056; x_wconf 86' lang='lat' dir='ltr'>auri</span> <span class='ocrx_word' id='word_1_188' title='bbox 1121 2024 1265 2063; x_wconf 85' lang='lat' dir='ltr'>singulis</span> <span class='ocrx_word' id='word_1_189' title='bbox 1281 2023 1400 2053; x_wconf 85' lang='lat' dir='ltr'>diebus</span> <span class='ocrx_word' id='word_1_190' title='bbox 1417 2022 1482 2060; x_wconf 89' lang='lat' dir='ltr'>ipsi</span> <span class='ocrx_word' id='word_1_191' title='bbox 1501 2021 1683 2059; x_wconf 85' lang='lat' dir='ltr'>assignent,</span> <span class='ocrx_word' id='word_1_192' title='bbox 1705 2020 1749 2050; x_wconf 89' lang='lat' dir='ltr'>ita</span> <span class='ocrx_word' id='word_1_193' title='bbox 1765 2018 1854 2057; x_wconf 84' lang='lat' dir='ltr'>quod</span> <span class='ocrx_word' id='word_1_194' title='bbox 1871 2018 1989 2047; x_wconf 87' lang='lat' dir='ltr'>habeat</span> <span class='ocrx_word' id='word_1_195' title='bbox 2004 2025 2085 2056; x_wconf 86' lang='lat' dir='ltr'>quo-</span> 
     </span>
     <span class='ocr_line' id='line_1_28' title="bbox 499 2070 2082 2123; baseline -0.011 -7"><span class='ocrx_word' id='word_1_196' title='bbox 499 2086 581 2116; x_wconf 89' lang='lat' dir='ltr'>tidie</span> <span class='ocrx_word' id='word_1_197' title='bbox 598 2085 741 2123; x_wconf 84' lang='lat' dir='ltr'>quatuor</span> <span class='ocrx_word' id='word_1_198' title='bbox 752 2083 824 2112; x_wconf 88' lang='lat' dir='ltr'>flor.</span> <span class='ocrx_word' id='word_1_199' title='bbox 842 2081 882 2111; x_wconf 87' lang='lat' dir='ltr'>ab</span> <span class='ocrx_word' id='word_1_200' title='bbox 892 2089 930 2111; x_wconf 90' lang='lat' dir='ltr'>eo</span> <span class='ocrx_word' id='word_1_201' title='bbox 944 2080 1032 2110; x_wconf 87' lang='lat' dir='ltr'>inter</span> <span class='ocrx_word' id='word_1_202' title='bbox 1046 2079 1139 2117; x_wconf 88' lang='lat' dir='ltr'>ipsos</span> <span class='ocrx_word' id='word_1_203' title='bbox 1151 2076 1447 2116; x_wconf 82' lang='lat' dir='ltr'>proportionaliter</span> <span class='ocrx_word' id='word_1_204' title='bbox 1460 2073 1729 2107; x_wconf 80' lang='lat' dir='ltr'>distribuendos3</span> <span class='ocrx_word' id='word_1_205' title='bbox 1743 2071 1874 2110; x_wconf 85' lang='lat' dir='ltr'>ipsique</span> <span class='ocrx_word' id='word_1_206' title='bbox 1886 2070 2082 2109; x_wconf 83' lang='lat' dir='ltr'>provideant</span> 
     </span>
     <span class='ocr_line' id='line_1_29' title="bbox 502 2122 2082 2169; baseline -0.01 0"><span class='ocrx_word' id='word_1_207' title='bbox 502 2139 541 2169; x_wconf 91' lang='lat' dir='ltr'>de</span> <span class='ocrx_word' id='word_1_208' title='bbox 559 2146 675 2168; x_wconf 89' lang='lat' dir='ltr'>securo</span> <span class='ocrx_word' id='word_1_209' title='bbox 690 2135 854 2166; x_wconf 81' lang='lat' dir='ltr'>conductu</span> <span class='ocrx_word' id='word_1_210' title='bbox 873 2133 993 2167; x_wconf 87' lang='lat' dir='ltr'>eundo,</span> <span class='ocrx_word' id='word_1_211' title='bbox 1010 2131 1169 2162; x_wconf 88' lang='lat' dir='ltr'>morando</span> <span class='ocrx_word' id='word_1_212' title='bbox 1187 2132 1218 2160; x_wconf 87' lang='lat' dir='ltr'>et</span> <span class='ocrx_word' id='word_1_213' title='bbox 1236 2129 1415 2159; x_wconf 88' lang='lat' dir='ltr'>redeundo.</span> <span class='ocrx_word' id='word_1_214' title='bbox 1433 2128 1485 2166; x_wconf 73' lang='grc' dir='ltr'>(Α,</span> <span class='ocrx_word' id='word_1_215' title='bbox 1499 2129 1548 2162; x_wconf 86' lang='grc'>52,</span> <span class='ocrx_word' id='word_1_216' title='bbox 1567 2127 1588 2156; x_wconf 88' lang='lat' dir='ltr'>f.</span> <span class='ocrx_word' id='word_1_217' title='bbox 1608 2127 1664 2162; x_wconf 72' lang='lat'>123</span> <span class='ocrx_word' id='word_1_218' title='bbox 1690 2125 1722 2159; x_wconf 82' lang='lat' dir='ltr'>V,</span> <span class='ocrx_word' id='word_1_219' title='bbox 1743 2126 1809 2158; x_wconf 82' lang='grc'>125,</span> <span class='ocrx_word' id='word_1_220' title='bbox 1828 2133 1860 2153; x_wconf 91' lang='lat' dir='ltr'>n.</span> <span class='ocrx_word' id='word_1_221' title='bbox 1880 2126 1938 2159; x_wconf 72' lang='lat'><strong>1-2,</strong></span> <span class='ocrx_word' id='word_1_222' title='bbox 1953 2122 1988 2152; x_wconf 81' lang='lat' dir='ltr'>de</span> <span class='ocrx_word' id='word_1_223' title='bbox 2002 2132 2082 2156; x_wconf 59' lang='lat' dir='ltr'>cum</span> 
     </span>
     <span class='ocr_line' id='line_1_30' title="bbox 501 2188 816 2226; baseline -0.016 -4"><span class='ocrx_word' id='word_1_224' title='bbox 501 2191 658 2226; x_wconf 89' lang='lat' dir='ltr'>Daumet,</span> <span class='ocrx_word' id='word_1_225' title='bbox 680 2198 712 2219; x_wconf 91' lang='lat' dir='ltr'>n.</span> <span class='ocrx_word' id='word_1_226' title='bbox 731 2188 816 2225; x_wconf 77' lang='lat'>403.)</span> 
     </span>
    </p>

    <p class='ocr_par' dir='ltr' id='par_1_20' title="bbox 502 2229 2140 2443">
     <span class='ocr_line' id='line_1_31' title="bbox 547 2229 2085 2280; baseline -0.01 -8"><span class='ocrx_word' id='word_1_227' title='bbox 547 2240 656 2272; x_wconf 79' lang='lat'>6356.</span> <span class='ocrx_word' id='word_1_228' title='bbox 674 2260 712 2265; x_wconf 91' lang='lat'>—</span> <span class='ocrx_word' id='word_1_229' title='bbox 732 2242 782 2271; x_wconf 89' lang='lat' dir='ltr'>Ad</span> <span class='ocrx_word' id='word_1_230' title='bbox 797 2241 858 2280; x_wconf 73' lang='lat' dir='ltr'>fut.</span> <span class='ocrx_word' id='word_1_231' title='bbox 879 2240 923 2270; x_wconf 82' lang='lat' dir='ltr'>rei</span> <span class='ocrx_word' id='word_1_232' title='bbox 942 2249 1026 2268; x_wconf 83' lang='lat' dir='ltr'>mem.</span> <span class='ocrx_word' id='word_1_233' title='bbox 1046 2237 1221 2268; x_wconf 84' lang='lat' dir='ltr'>Inhibetur</span> <span class='ocrx_word' id='word_1_234' title='bbox 1238 2236 1417 2273; x_wconf 76' lang='lat' dir='ltr'>archiepo.</span> <span class='ocrx_word' id='word_1_235' title='bbox 1435 2234 1570 2268; x_wconf 79' lang='lat' dir='ltr'>decano,</span> <span class='ocrx_word' id='word_1_236' title='bbox 1592 2233 1623 2262; x_wconf 89' lang='lat' dir='ltr'>et</span> <span class='ocrx_word' id='word_1_237' title='bbox 1642 2231 1740 2269; x_wconf 81' lang='lat' dir='ltr'>capit.</span> <span class='ocrx_word' id='word_1_238' title='bbox 1756 2229 1941 2268; x_wconf 84' lang='lat' dir='ltr'>Maguntin.</span> <span class='ocrx_word' id='word_1_239' title='bbox 1959 2236 1998 2258; x_wconf 93' lang='lat' dir='ltr'>ne</span> <span class='ocrx_word' id='word_1_240' title='bbox 2011 2236 2085 2258; x_wconf 89' lang='lat' dir='ltr'>con-</span> 
     </span>
     <span class='ocr_line' id='line_1_32' title="bbox 502 2281 2084 2331; baseline -0.012 -3"><span class='ocrx_word' id='word_1_241' title='bbox 502 2299 554 2328; x_wconf 89' lang='lat' dir='ltr'>tra</span> <span class='ocrx_word' id='word_1_242' title='bbox 578 2295 840 2327; x_wconf 84' lang='lat' dir='ltr'>reservationem</span> <span class='ocrx_word' id='word_1_243' title='bbox 865 2292 1085 2331; x_wconf 86' lang='lat' dir='ltr'>apostolicam</span> <span class='ocrx_word' id='word_1_244' title='bbox 1103 2290 1182 2320; x_wconf 87' lang='lat' dir='ltr'>eccl.</span> <span class='ocrx_word' id='word_1_245' title='bbox 1207 2288 1404 2328; x_wconf 83' lang='lat' dir='ltr'>Maguntin.‚</span> <span class='ocrx_word' id='word_1_246' title='bbox 1424 2295 1499 2317; x_wconf 88' lang='lat' dir='ltr'>cum</span> <span class='ocrx_word' id='word_1_247' title='bbox 1524 2294 1597 2315; x_wconf 89' lang='lat' dir='ltr'>eam</span> <span class='ocrx_word' id='word_1_248' title='bbox 1617 2292 1675 2322; x_wconf 88' lang='lat' dir='ltr'>per</span> <span class='ocrx_word' id='word_1_249' title='bbox 1701 2283 1887 2313; x_wconf 84' lang='lat' dir='ltr'>cessionem</span> <span class='ocrx_word' id='word_1_250' title='bbox 1904 2281 1957 2311; x_wconf 91' lang='lat' dir='ltr'>vel</span> <span class='ocrx_word' id='word_1_251' title='bbox 1973 2281 2084 2310; x_wconf 86' lang='lat' dir='ltr'>deces-</span> 
     </span>
     <span class='ocr_line' id='line_1_33' title="bbox 505 2333 2089 2384; baseline -0.011 -4"><span class='ocrx_word' id='word_1_252' title='bbox 505 2359 580 2380; x_wconf 89' lang='lat' dir='ltr'>sum</span> <span class='ocrx_word' id='word_1_253' title='bbox 594 2348 744 2384; x_wconf 83' lang='lat' dir='ltr'>Henrici,</span> <span class='ocrx_word' id='word_1_254' title='bbox 763 2346 923 2384; x_wconf 86' lang='lat' dir='ltr'>archiep.i</span> <span class='ocrx_word' id='word_1_255' title='bbox 941 2343 1139 2383; x_wconf 85' lang='lat' dir='ltr'>Maguntini,</span> <span class='ocrx_word' id='word_1_256' title='bbox 1157 2342 1209 2372; x_wconf 90' lang='lat' dir='ltr'>vel</span> <span class='ocrx_word' id='word_1_257' title='bbox 1226 2342 1292 2371; x_wconf 91' lang='lat' dir='ltr'>alio</span> <span class='ocrx_word' id='word_1_258' title='bbox 1311 2347 1521 2379; x_wconf 80' lang='lat' dir='ltr'>quocumque</span> <span class='ocrx_word' id='word_1_259' title='bbox 1540 2338 1639 2368; x_wconf 84' lang='lat' dir='ltr'>modo</span> <span class='ocrx_word' id='word_1_260' title='bbox 1653 2344 1769 2366; x_wconf 87' lang='lat' dir='ltr'>vacare</span> <span class='ocrx_word' id='word_1_261' title='bbox 1788 2334 1974 2373; x_wconf 79' lang='lat' dir='ltr'>contigerit,</span> <span class='ocrx_word' id='word_1_262' title='bbox 1995 2333 2089 2372; x_wconf 79' lang='lat' dir='ltr'>quic-</span> 
     </span>
     <span class='ocr_line' id='line_1_34' title="bbox 504 2377 2140 2443; baseline -0.012 -10"><span class='ocrx_word' id='word_1_263' title='bbox 504 2403 585 2443; x_wconf 86' lang='lat' dir='ltr'>quid</span> <span class='ocrx_word' id='word_1_264' title='bbox 601 2402 737 2437; x_wconf 82' lang='lat' dir='ltr'>faciant,</span> <span class='ocrx_word' id='word_1_265' title='bbox 752 2401 802 2430; x_wconf 87' lang='lat' dir='ltr'>vel</span> <span class='ocrx_word' id='word_1_266' title='bbox 822 2399 985 2430; x_wconf 86' lang='lat' dir='ltr'>attentare</span> <span class='ocrx_word' id='word_1_267' title='bbox 1003 2396 1220 2436; x_wconf 79' lang='lat' dir='ltr'>praesumant.</span> <span class='ocrx_word' id='word_1_268' title='bbox 1243 2394 1294 2431; x_wconf 86' lang='lat' dir='ltr'>(V.</span> <span class='ocrx_word' id='word_1_269' title='bbox 1314 2395 1381 2430; x_wconf 84' lang='lat'><strong>126,</strong></span> <span class='ocrx_word' id='word_1_270' title='bbox 1400 2401 1430 2422; x_wconf 88' lang='lat' dir='ltr'>n.</span> <span class='ocrx_word' id='word_1_271' title='bbox 1447 2395 1480 2427; x_wconf 76' lang='lat'>73</span> <span class='ocrx_word' id='word_1_272' title='bbox 1497 2391 1643 2424; x_wconf 84' lang='lat' dir='ltr'>Riezler‚</span> <span class='ocrx_word' id='word_1_273' title='bbox 1659 2398 1690 2419; x_wconf 87' lang='lat' dir='ltr'>n.</span> <span class='ocrx_word' id='word_1_274' title='bbox 1715 2390 1816 2425; x_wconf 76' lang='grc'>1934.)</span> <span class='ocrx_word' id='word_1_275' title='bbox 2131 2377 2140 2383; x_wconf 80' lang='grc'><strong>’</strong></span> 
     </span>
    </p>

    <p class='ocr_par' dir='ltr' id='par_1_21' title="bbox 505 2436 2092 2967">
     <span class='ocr_line' id='line_1_35' title="bbox 548 2436 2091 2492; baseline -0.011 -8"><span class='ocrx_word' id='word_1_276' title='bbox 548 2453 659 2484; x_wconf 77' lang='grc'>6357.</span> <span class='ocrx_word' id='word_1_277' title='bbox 678 2472 716 2475; x_wconf 90' lang='grc'><strong>-</strong></span> <span class='ocrx_word' id='word_1_278' title='bbox 731 2452 782 2483; x_wconf 82' lang='lat' dir='ltr'>Ad</span> <span class='ocrx_word' id='word_1_279' title='bbox 794 2461 880 2492; x_wconf 76' lang='lat' dir='ltr'>perp.</span> <span class='ocrx_word' id='word_1_280' title='bbox 903 2450 945 2480; x_wconf 72' lang='lat' dir='ltr'>rei</span> <span class='ocrx_word' id='word_1_281' title='bbox 969 2459 1054 2480; x_wconf 82' lang='lat' dir='ltr'>mem.</span> <span class='ocrx_word' id='word_1_282' title='bbox 1083 2447 1425 2479; x_wconf 81' lang='lat' dir='ltr'>Excommunicamus</span> <span class='ocrx_word' id='word_1_283' title='bbox 1448 2446 1479 2475; x_wconf 86' lang='lat' dir='ltr'>et</span> <span class='ocrx_word' id='word_1_284' title='bbox 1506 2442 1827 2474; x_wconf 82' lang='lat' dir='ltr'>anathematizamus</span> <span class='ocrx_word' id='word_1_285' title='bbox 1851 2449 1893 2470; x_wconf 80' lang='lat' dir='ltr'>ex</span> <span class='ocrx_word' id='word_1_286' title='bbox 1915 2440 2007 2478; x_wconf 86' lang='lat' dir='ltr'>parte</span> <span class='ocrx_word' id='word_1_287' title='bbox 2028 2436 2091 2469; x_wconf 87' lang='lat' dir='ltr'>Dei</span> 
     </span>
     <span class='ocr_line' id='line_1_36' title="bbox 505 2491 2089 2547; baseline -0.013 -7"><span class='ocrx_word' id='word_1_288' title='bbox 505 2507 767 2547; x_wconf 79' lang='lat' dir='ltr'>omnipotentis,</span> <span class='ocrx_word' id='word_1_289' title='bbox 788 2505 898 2536; x_wconf 88' lang='lat' dir='ltr'>Patris</span> <span class='ocrx_word' id='word_1_290' title='bbox 915 2505 946 2535; x_wconf 89' lang='lat' dir='ltr'>et</span> <span class='ocrx_word' id='word_1_291' title='bbox 964 2503 1043 2534; x_wconf 86' lang='lat' dir='ltr'>Filii</span> <span class='ocrx_word' id='word_1_292' title='bbox 1057 2503 1088 2532; x_wconf 89' lang='lat' dir='ltr'>et</span> <span class='ocrx_word' id='word_1_293' title='bbox 1102 2501 1249 2540; x_wconf 83' lang='lat' dir='ltr'>Spiritus</span> <span class='ocrx_word' id='word_1_294' title='bbox 1266 2499 1390 2535; x_wconf 83' lang='lat' dir='ltr'>Sancti,</span> <span class='ocrx_word' id='word_1_295' title='bbox 1410 2497 1606 2528; x_wconf 86' lang='lat' dir='ltr'>auctoritate</span> <span class='ocrx_word' id='word_1_296' title='bbox 1622 2502 1754 2534; x_wconf 85' lang='lat' dir='ltr'>quoque</span> <span class='ocrx_word' id='word_1_297' title='bbox 1771 2503 1797 2524; x_wconf 86' lang='lat' dir='ltr'>s.</span> <span class='ocrx_word' id='word_1_298' title='bbox 1818 2502 1845 2523; x_wconf 88' lang='lat' dir='ltr'>s.</span> <span class='ocrx_word' id='word_1_299' title='bbox 1863 2494 1980 2532; x_wconf 87' lang='lat' dir='ltr'>Apost.</span> <span class='ocrx_word' id='word_1_300' title='bbox 1998 2491 2089 2522; x_wconf 87' lang='lat' dir='ltr'>Petri</span> 
     </span>
     <span class='ocr_line' id='line_1_37' title="bbox 506 2544 2089 2594; baseline -0.013 -1"><span class='ocrx_word' id='word_1_301' title='bbox 506 2564 537 2593; x_wconf 89' lang='lat' dir='ltr'>et</span> <span class='ocrx_word' id='word_1_302' title='bbox 554 2561 652 2592; x_wconf 86' lang='lat' dir='ltr'>Pauli</span> <span class='ocrx_word' id='word_1_303' title='bbox 671 2569 707 2591; x_wconf 90' lang='lat' dir='ltr'>ac</span> <span class='ocrx_word' id='word_1_304' title='bbox 723 2560 849 2594; x_wconf 88' lang='lat' dir='ltr'>nostra,</span> <span class='ocrx_word' id='word_1_305' title='bbox 867 2565 982 2588; x_wconf 88' lang='lat' dir='ltr'>omnes</span> <span class='ocrx_word' id='word_1_306' title='bbox 1002 2555 1186 2591; x_wconf 78' lang='lat' dir='ltr'>haereticos,</span> <span class='ocrx_word' id='word_1_307' title='bbox 1206 2554 1364 2588; x_wconf 86' lang='lat' dir='ltr'>Gazaros,</span> <span class='ocrx_word' id='word_1_308' title='bbox 1386 2551 1581 2586; x_wconf 79' lang='lat' dir='ltr'>Patarenos,</span> <span class='ocrx_word' id='word_1_309' title='bbox 1598 2549 1768 2586; x_wconf 87' lang='lat' dir='ltr'>Pauperes</span> <span class='ocrx_word' id='word_1_310' title='bbox 1785 2547 1824 2577; x_wconf 91' lang='lat' dir='ltr'>de</span> <span class='ocrx_word' id='word_1_311' title='bbox 1840 2545 2014 2585; x_wconf 83' lang='lat' dir='ltr'>Lugduno,</span> <span class='ocrx_word' id='word_1_312' title='bbox 2031 2544 2089 2573; x_wconf 91' lang='lat' dir='ltr'>Ar-</span> 
     </span>
     <span class='ocr_line' id='line_1_38' title="bbox 506 2598 2086 2652; baseline -0.013 -6"><span class='ocrx_word' id='word_1_313' title='bbox 506 2615 683 2648; x_wconf 74' lang='lat' dir='ltr'>nalffistas,</span> <span class='ocrx_word' id='word_1_314' title='bbox 702 2612 915 2652; x_wconf 89' lang='lat' dir='ltr'>Speronistas</span> <span class='ocrx_word' id='word_1_315' title='bbox 931 2611 963 2641; x_wconf 87' lang='lat' dir='ltr'>et</span> <span class='ocrx_word' id='word_1_316' title='bbox 977 2608 1193 2647; x_wconf 83' lang='lat' dir='ltr'>Passaginos,</span> <span class='ocrx_word' id='word_1_317' title='bbox 1214 2607 1246 2637; x_wconf 90' lang='lat' dir='ltr'>et</span> <span class='ocrx_word' id='word_1_318' title='bbox 1264 2614 1379 2636; x_wconf 88' lang='lat' dir='ltr'>omnes</span> <span class='ocrx_word' id='word_1_319' title='bbox 1396 2604 1481 2635; x_wconf 87' lang='lat' dir='ltr'>alios</span> <span class='ocrx_word' id='word_1_320' title='bbox 1500 2609 1710 2642; x_wconf 83' lang='lat' dir='ltr'>quocumque</span> <span class='ocrx_word' id='word_1_321' title='bbox 1727 2599 1861 2630; x_wconf 91' lang='lat' dir='ltr'>nomine</span> <span class='ocrx_word' id='word_1_322' title='bbox 1876 2598 2086 2633; x_wconf 83' lang='lat' dir='ltr'>censeantur,</span> 
     </span>
     <span class='ocr_line' id='line_1_39' title="bbox 507 2650 2086 2702; baseline -0.013 -3"><span class='ocrx_word' id='word_1_323' title='bbox 507 2677 544 2699; x_wconf 87' lang='lat' dir='ltr'>ac</span> <span class='ocrx_word' id='word_1_324' title='bbox 561 2675 678 2698; x_wconf 87' lang='lat' dir='ltr'>omnes</span> <span class='ocrx_word' id='word_1_325' title='bbox 698 2666 860 2702; x_wconf 74' lang='lat' dir='ltr'>fautores,</span> <span class='ocrx_word' id='word_1_326' title='bbox 874 2663 1099 2701; x_wconf 83' lang='lat' dir='ltr'>receptatores</span> <span class='ocrx_word' id='word_1_327' title='bbox 1115 2662 1147 2691; x_wconf 85' lang='lat' dir='ltr'>et</span> <span class='ocrx_word' id='word_1_328' title='bbox 1163 2660 1358 2691; x_wconf 86' lang='lat' dir='ltr'>defensores</span> <span class='ocrx_word' id='word_1_329' title='bbox 1376 2665 1504 2689; x_wconf 86' lang='lat' dir='ltr'>eorum.</span> <span class='ocrx_word' id='word_1_330' title='bbox 1520 2657 1605 2686; x_wconf 90' lang='lat' dir='ltr'>Item</span> <span class='ocrx_word' id='word_1_331' title='bbox 1619 2662 1735 2685; x_wconf 88' lang='lat' dir='ltr'>omnes</span> <span class='ocrx_word' id='word_1_332' title='bbox 1750 2653 1888 2691; x_wconf 84' lang='lat' dir='ltr'>piratas,</span> <span class='ocrx_word' id='word_1_333' title='bbox 1906 2650 2086 2683; x_wconf 85' lang='lat' dir='ltr'>cursarios‚</span> 
     </span>
     <span class='ocr_line' id='line_1_40' title="bbox 507 2702 2087 2753; baseline -0.013 -1"><span class='ocrx_word' id='word_1_334' title='bbox 507 2722 539 2752; x_wconf 90' lang='lat' dir='ltr'>et</span> <span class='ocrx_word' id='word_1_335' title='bbox 556 2719 765 2751; x_wconf 85' lang='lat' dir='ltr'>latrunculos</span> <span class='ocrx_word' id='word_1_336' title='bbox 786 2717 948 2753; x_wconf 89' lang='lat' dir='ltr'>marinos,</span> <span class='ocrx_word' id='word_1_337' title='bbox 972 2716 1034 2746; x_wconf 86' lang='lat' dir='ltr'>etc.</span> <span class='ocrx_word' id='word_1_338' title='bbox 1050 2715 1136 2745; x_wconf 88' lang='lat' dir='ltr'>Item</span> <span class='ocrx_word' id='word_1_339' title='bbox 1159 2721 1275 2744; x_wconf 88' lang='lat' dir='ltr'>omnes</span> <span class='ocrx_word' id='word_1_340' title='bbox 1291 2712 1349 2751; x_wconf 86' lang='lat' dir='ltr'>qui</span> <span class='ocrx_word' id='word_1_341' title='bbox 1368 2711 1402 2741; x_wconf 89' lang='lat' dir='ltr'>in</span> <span class='ocrx_word' id='word_1_342' title='bbox 1418 2709 1519 2740; x_wconf 85' lang='lat' dir='ltr'>terris</span> <span class='ocrx_word' id='word_1_343' title='bbox 1537 2709 1608 2739; x_wconf 80' lang='lat' dir='ltr'>suis</span> <span class='ocrx_word' id='word_1_344' title='bbox 1634 2715 1720 2738; x_wconf 88' lang='lat' dir='ltr'>nova</span> <span class='ocrx_word' id='word_1_345' title='bbox 1741 2704 1882 2744; x_wconf 85' lang='lat' dir='ltr'>pedagia</span> <span class='ocrx_word' id='word_1_346' title='bbox 1899 2702 2087 2741; x_wconf 83' lang='lat' dir='ltr'>imponunt.</span> 
     </span>
     <span class='ocr_line' id='line_1_41' title="bbox 506 2754 2089 2809; baseline -0.013 -5"><span class='ocrx_word' id='word_1_347' title='bbox 506 2774 591 2805; x_wconf 87' lang='lat' dir='ltr'>Item</span> <span class='ocrx_word' id='word_1_348' title='bbox 608 2780 724 2804; x_wconf 89' lang='lat' dir='ltr'>omnes</span> <span class='ocrx_word' id='word_1_349' title='bbox 740 2771 819 2801; x_wconf 90' lang='lat' dir='ltr'>illos</span> <span class='ocrx_word' id='word_1_350' title='bbox 839 2770 897 2809; x_wconf 89' lang='lat' dir='ltr'>qui</span> <span class='ocrx_word' id='word_1_351' title='bbox 916 2777 1031 2808; x_wconf 84' lang='lat' dir='ltr'>equos,</span> <span class='ocrx_word' id='word_1_352' title='bbox 1047 2776 1151 2802; x_wconf 87' lang='lat' dir='ltr'>arma,</span> <span class='ocrx_word' id='word_1_353' title='bbox 1168 2766 1306 2801; x_wconf 85' lang='lat' dir='ltr'>ferrum,</span> <span class='ocrx_word' id='word_1_354' title='bbox 1323 2763 1507 2803; x_wconf 85' lang='lat' dir='ltr'>lignamina</span> <span class='ocrx_word' id='word_1_355' title='bbox 1521 2761 1573 2792; x_wconf 87' lang='lat' dir='ltr'>vel</span> <span class='ocrx_word' id='word_1_356' title='bbox 1590 2761 1656 2791; x_wconf 87' lang='lat' dir='ltr'>alia</span> <span class='ocrx_word' id='word_1_357' title='bbox 1672 2757 1839 2798; x_wconf 85' lang='lat' dir='ltr'>prohibita</span> <span class='ocrx_word' id='word_1_358' title='bbox 1849 2756 2003 2787; x_wconf 86' lang='lat' dir='ltr'>deferunt</span> <span class='ocrx_word' id='word_1_359' title='bbox 2017 2754 2089 2784; x_wconf 89' lang='lat' dir='ltr'>Sar-</span> 
     </span>
     <span class='ocr_line' id='line_1_42' title="bbox 507 2806 2086 2862; baseline -0.014 -5"><span class='ocrx_word' id='word_1_360' title='bbox 507 2826 650 2862; x_wconf 86' lang='lat' dir='ltr'>racenis,</span> <span class='ocrx_word' id='word_1_361' title='bbox 665 2826 726 2855; x_wconf 86' lang='lat' dir='ltr'>etc.</span> <span class='ocrx_word' id='word_1_362' title='bbox 741 2825 827 2854; x_wconf 90' lang='lat' dir='ltr'>Item</span> <span class='ocrx_word' id='word_1_363' title='bbox 845 2830 961 2853; x_wconf 88' lang='lat' dir='ltr'>omnes</span> <span class='ocrx_word' id='word_1_364' title='bbox 979 2820 1136 2852; x_wconf 88' lang='lat' dir='ltr'>falsarios</span> <span class='ocrx_word' id='word_1_365' title='bbox 1150 2818 1262 2855; x_wconf 83' lang='lat' dir='ltr'>bullae,</span> <span class='ocrx_word' id='word_1_366' title='bbox 1279 2826 1337 2848; x_wconf 86' lang='lat' dir='ltr'>seu</span> <span class='ocrx_word' id='word_1_367' title='bbox 1354 2817 1544 2847; x_wconf 87' lang='lat' dir='ltr'>litterarum</span> <span class='ocrx_word' id='word_1_368' title='bbox 1561 2814 1762 2843; x_wconf 88' lang='lat' dir='ltr'>nostrarum.</span> <span class='ocrx_word' id='word_1_369' title='bbox 1778 2810 1862 2840; x_wconf 88' lang='lat' dir='ltr'>Item</span> <span class='ocrx_word' id='word_1_370' title='bbox 1877 2816 1992 2839; x_wconf 91' lang='lat' dir='ltr'>omnes</span> <span class='ocrx_word' id='word_1_371' title='bbox 2008 2806 2086 2836; x_wconf 88' lang='lat' dir='ltr'>illos</span> 
     </span>
     <span class='ocr_line' id='line_1_43' title="bbox 508 2860 2085 2919; baseline -0.015 -9"><span class='ocrx_word' id='word_1_372' title='bbox 508 2880 565 2919; x_wconf 88' lang='lat' dir='ltr'>qui</span> <span class='ocrx_word' id='word_1_373' title='bbox 583 2879 624 2909; x_wconf 87' lang='lat' dir='ltr'>ad</span> <span class='ocrx_word' id='word_1_374' title='bbox 640 2878 715 2909; x_wconf 87' lang='lat' dir='ltr'>Sed.</span> <span class='ocrx_word' id='word_1_375' title='bbox 732 2877 851 2915; x_wconf 88' lang='lat' dir='ltr'>Apost.</span> <span class='ocrx_word' id='word_1_376' title='bbox 879 2874 1054 2906; x_wconf 88' lang='lat' dir='ltr'>venientes</span> <span class='ocrx_word' id='word_1_377' title='bbox 1072 2872 1125 2903; x_wconf 91' lang='lat' dir='ltr'>vel</span> <span class='ocrx_word' id='word_1_378' title='bbox 1151 2871 1344 2902; x_wconf 88' lang='lat' dir='ltr'>recedentes</span> <span class='ocrx_word' id='word_1_379' title='bbox 1361 2869 1401 2899; x_wconf 88' lang='lat' dir='ltr'>ab</span> <span class='ocrx_word' id='word_1_380' title='bbox 1420 2877 1470 2903; x_wconf 88' lang='lat' dir='ltr'>ea,</span> <span class='ocrx_word' id='word_1_381' title='bbox 1489 2876 1548 2897; x_wconf 88' lang='lat' dir='ltr'>nec</span> <span class='ocrx_word' id='word_1_382' title='bbox 1568 2874 1633 2896; x_wconf 91' lang='lat' dir='ltr'>non</span> <span class='ocrx_word' id='word_1_383' title='bbox 1650 2865 1729 2895; x_wconf 90' lang='lat' dir='ltr'>illos</span> <span class='ocrx_word' id='word_1_384' title='bbox 1746 2863 1803 2902; x_wconf 88' lang='lat' dir='ltr'>qui</span> <span class='ocrx_word' id='word_1_385' title='bbox 1816 2860 2085 2901; x_wconf 85' lang='lat' dir='ltr'>jurisdictionem</span> 
     </span>
     <span class='ocr_line' id='line_1_44' title="bbox 507 2911 2092 2967; baseline -0.015 -4"><span class='ocrx_word' id='word_1_386' title='bbox 507 2931 714 2963; x_wconf 88' lang='lat' dir='ltr'>ordinariam</span> <span class='ocrx_word' id='word_1_387' title='bbox 731 2929 784 2960; x_wconf 87' lang='lat' dir='ltr'>vel</span> <span class='ocrx_word' id='word_1_388' title='bbox 802 2928 989 2967; x_wconf 85' lang='lat' dir='ltr'>delegatam</span> <span class='ocrx_word' id='word_1_389' title='bbox 1005 2926 1155 2965; x_wconf 87' lang='lat' dir='ltr'>aliquam</span> <span class='ocrx_word' id='word_1_390' title='bbox 1171 2932 1237 2954; x_wconf 90' lang='lat' dir='ltr'>non</span> <span class='ocrx_word' id='word_1_391' title='bbox 1248 2922 1420 2958; x_wconf 82' lang='lat' dir='ltr'>habentes,</span> <span class='ocrx_word' id='word_1_392' title='bbox 1432 2921 1466 2951; x_wconf 88' lang='lat' dir='ltr'>in</span> <span class='ocrx_word' id='word_1_393' title='bbox 1477 2920 1593 2951; x_wconf 87' lang='lat' dir='ltr'>eadem</span> <span class='ocrx_word' id='word_1_394' title='bbox 1609 2917 1702 2949; x_wconf 88' lang='lat' dir='ltr'>curia</span> <span class='ocrx_word' id='word_1_395' title='bbox 1718 2915 1887 2946; x_wconf 89' lang='lat' dir='ltr'>morantes</span> <span class='ocrx_word' id='word_1_396' title='bbox 1903 2911 2092 2944; x_wconf 85' lang='lat' dir='ltr'>temeritate</span> 
     </span>
    </p>
   </div>
  </div>
 </body>
</html>
