2376 3334
370 271 648 302 APPENDICEs
672 271 731 299 Al»
754 269 935 299 sEX'sUM
962 269 1170 299 {ishLARH
1196 270 1430 299 incxlsslmz'l'l
1455 270 1517 299 xli
1541 269 1694 300 ANNUM
1719 270 1840 307 (1340)

254 623 264 647 Ι
286 621 339 653 jul.

242 781 344 813 tajnt

240 880 273 907 14
288 881 344 913 jul.

214 987 364 1018 Turonis.

237 1038 271 1065 15
286 1039 343 1070 jul.

240 1144 341 1177 lujat

250 1199 268 1223 ,Χ
275 1197 328 1230 pud

94 1244 133 1275 M
133 1241 470 1286 ontempesszclanum.

231 1295 269 1320 20
284 1294 299 1326 j
304 1294 331 1319 1ιί
336 1315 341 1320 .

132 1362 237 1388 Datum
254 1358 278 1389 Α
286 1356 439 1388 υθηᾶθηθ.

231 1410 270 1436 30
283 1410 339 1442 ι[ιιι.

180 1458 224 1487 (ιιι
240 1454 297 1480 kal.
314 1458 392 1487 aug.)

253 1516 310 1549 jul.

209 1674 363 1717 Neapoli.

238 1727 253 1752 7
273 1735 339 1760 any.

194 1886 371 1919 Avenione.

227 1939 261 1965 Γ14
278 1947 343 1972 auq.

244 2098 280 2125 Ut
297 2107 319 2125 s.

244 2258 265 2282 A
279 2257 323 2283 ›ud

115 2265 448 2344 Montemhzlconem.

217 2353 256 2380 25
275 2361 339 2387 any.

240 2415 323 2447 Diae.

219 2468 255 2494 31
276 2477 342 2501 augy.

113 2576 194 2610 Apud
218 2575 448 2606 Beneventum.

101 2624 114 2650 1
128 2628 196 2659 sept.
210 2625 297 2654 4340.
309 2626 363 2661 (vel
374 2625 464 2660 1341).

98 2790 138 2822 In
148 2790 217 2823 loco
229 2791 268 2823 de
277 2792 464 2831 Balmario,

167 2844 336 2876 Tolosanae
352 2843 398 2877 di.

221 2896 256 2922 13
270 2900 339 2932 sept.

2065 273 2122 301 :303

504 454 505 458 ’
533 458 619 487 sacta
634 466 694 495 pro
721 456 915 486 defensione
932 456 1026 493 grani
1053 455 1142 493 quod
1160 455 1226 493 ipsi
1247 455 1489 493 recollegerunt
1514 456 1545 485 in
1564 455 1779 494 possessione
1796 464 1854 493 per
1870 455 1962 494 ipsos
1984 457 2015 485 in
2034 457 2120 487 loca-

503 520 505 540 }
530 510 656 540 tionem
689 511 822 547 recepta
851 517 869 538 a
902 508 1044 546 quadani
1080 507 1221 537 ecclesia
1244 510 1412 546 Capuan-a,
1445 509 1607 538 adversus
1644 508 1839 546 Philippum
1869 509 1908 538 de
1938 510 2058 547 Ajello,
2081 511 2121 540 «le

504 592 505 603 ἶ
530 563 680 597 Salerno,
704 563 761 601 qui
779 562 905 591 dictum
925 569 1067 600 granum
1084 569 1185 590 manu
1203 563 1331 590 armata
1347 562 1478 591 auferre
1504 562 1644 591 volebat.
1665 561 1770 600 (orig.
1788 570 1895 601 perg.)

505 625 507 663 ι
574 613 682 643 8307.
703 633 741 636 —
757 615 963 645 Guillelmus
982 614 1021 643 de
1048 624 1075 642 s.
1094 613 1211 647 Paulo,
1230 614 1386 644 collector
1408 616 1514 652 apost.
1535 616 1567 644 in
1590 623 1690 653 regno
1718 615 1853 649 Siciliae,
1874 616 1995 654 allegat
2014 617 2120 654 suspi-

505 666 506 681 ³
529 669 655 699 tionem
680 671 794 698 contra
812 668 942 706 judices
960 675 1139 696 causarum
1162 667 1363 696 vertentium
1390 667 1476 696 inter
1495 669 1607 706 ipsum
1625 670 1656 697 et
1686 668 1882 706 capitulum,
1900 670 2121 707 ,ῆι-0111601110,

530 731 566 751 ac.
586 722 671 751 alios
685 721 826 751 clericos
842 722 1081 755 Beneventan„
1096 728 1197 757 super
1216 720 1409 749 collectoria
1427 723 1457 750 et
1474 720 1636 750 electione
1654 721 1730 750 novi
1745 721 1880 759 judicis.
1896 722 1998 761 (Orig.
2014 732 2118 761 perg.)

504 759 505 767 ἵ
573 772 683 801 8308.
703 792 737 795 —
765 774 983 803 Praesentatio
1012 773 1183 802 citationis
1211 772 1305 802 factae
1324 773 1457 802 nomine
1488 773 1670 803 Camerarii
1690 775 1805 812 Apost.
1825 778 1939 805 contra
1955 777 2118 806 Joannem

529 827 661 857 Morelli
679 828 718 857 de
733 827 855 860 Crista,
877 826 1021 856 incolam
1038 826 1246 855 Avenionen.
1267 825 1372 864 (Orig.
1391 830 1496 864 perg.)

572 878 682 907 8309.
701 898 737 902 ——
752 880 939 915 Quittantia
957 878 1095 908 Henrici
1115 878 1154 908 de
1176 879 1288 916 Capua
1305 878 1344 907 de
1364 887 1384 907 x
1402 879 1472 908 1101.
1492 880 1563 908 auri
1584 880 1727 917 receptis
1751 889 1769 909 a
1786 881 1876 910 (juil.
1894 882 1933 911 de
1956 891 1981 911 s.
2002 883 2117 919 Paulo,

501 933 502 970 l
528 933 675 963 thesaur.
692 933 929 963 Beneventano
946 933 978 962 et
1001 931 1128 961 collect.
1149 933 1257 969 apost.
1276 931 1380 969 (Orig.
1399 931 1511 961 Cli-art.
1530 932 1689 970 parviss.)

572 984 682 1013 8310.
702 1003 739 1007 —
758 985 924 1016 Officialis
948 985 1132 1018 Turonen.‚
1160 984 1386 1014 commissarii
1409 987 1530 1022 apost.,
1549 985 1658 1014 mand.
1681 987 1716 1014 ut
1737 985 1857 1015 citetur
1872 987 2019 1017 Joannes
2031 990 2118 1018 Gau-

500 1056 501 1061 =
527 1039 630 1074 dioni,
657 1039 768 1069 cleric.
793 1039 932 1073 Turon„
951 1038 1007 1076 qui
1032 1037 1155 1076 injuste
1179 1037 1354 1075 occupavit
1376 1037 1635 1075 praeposituram
1655 1038 1854 1074 Candacen,
1873 1040 2040 1070 Turonen.
2059 1042 2117 1078 di.,

500 1103 501 1118 ι
527 1092 605 1123 Sedi
621 1094 739 1130 Apost.
756 1092 974 1121 reservatam.
994 1091 1099 1129 (Orig.
1118 1099 1211 1128 perg.
1228 1098 1321 1128 parv.
1341 1098 1416 1119 cum
1432 1090 1556 1128 sigillo.
1574 1090 1623 1120 Cf.
1641 1099 1672 1120 n.
1692 1092 1780 1127 8303,
1799 1092 1887 1126 8314,
1907 1093 1997 1127 8316,
2015 1095 2104 1124 8322.

571 1143 681 1173 8311.
701 1162 739 1166 —
756 1145 917 1174 Instrum.
935 1143 1107 1173 citationis
1123 1143 1329 1181 hujusmodi.
1357 1143 1460 1181 (Orig.
1480 1150 1586 1181 perg.)

571 1196 680 1225 8312.
699 1215 737 1219 —-
754 1198 876 1228 Citatio
903 1197 1045 1227 Joannis
1067 1196 1246 1226 Guarnerii
1262 1197 1293 1226 et
1310 1195 1382 1234 ejus
1400 1196 1546 1226 tiliorum
1564 1196 1790 1227 habitatorum
1808 1199 2119 1237 Montispessulani,

498 1271 500 1282 ι
526 1252 565 1281 (16
583 1252 740 1281 mandato
756 1250 941 1281 Camerarii
956 1251 1063 1288 apost.
1085 1250 1180 1279 facta.
1203 1249 1307 1287 (Orig.
1327 1250 1432 1287 perg.)

570 1355 678 1385 8313.
696 1375 733 1379 —-
751 1357 1006 1395 Transcriptum
1027 1356 1125 1386 bullae
1142 1356 1265 1386 Bened.
1288 1356 1351 1385 XII
1372 1356 1412 1385 ad
1428 1356 1650 1386 (willelmum
1667 1357 1706 1386 de
1725 1367 1751 1386 s.
1772 1358 1888 1391 Paulo,
1906 1359 2119 1390 collectorem

525 1412 558 1441 in
579 1420 679 1450 regno
697 1411 909 1449 Siciliae,qua
928 1410 993 1448 ipsi
1010 1409 1232 1439 committitur
1248 1409 1438 1439 collectoria
1452 1409 1621 1439 fructuum
1640 1418 1763 1440 mensae
1778 1411 1979 1449 Aquinaten.
2000 1415 2116 1451 Apost.

495 1487 497 1496 2
523 1465 600 1495 sedi
620 1466 868 1494 reservatorum
886 1465 961 1502 post
978 1466 1119 1492 mortem
1136 1462 1302 1492 Leonardi
1321 1463 1400 1500 ep.i.
1419 1462 1503 1501 (Fol.
1523 1462 1650 1501 Chart.)

568 1514 677 1544 8314.
698 1535 735 1538 —
753 1517 912 1546 Instrum.
927 1516 1098 1546 citationis
1113 1516 1254 1546 Joannis
1265 1515 1444 1551 Caudioni,
1459 1516 1516 1554 qui
1531 1516 1671 1554 pervim
1687 1520 1906 1554 occupaverat
1919 1520 2119 1557 praepositu-

523 1579 595 1600 ram
612 1571 812 1606 Candaeen.‚
831 1570 999 1599 Turonen.
1019 1569 1077 1603 di.,
1095 1569 1170 1598 Sed.
1190 1569 1308 1606 Apost.
1327 1570 1544 1598 reservatam.
1562 1569 1677 1605 (Instr.
1697 1578 1788 1608 perg.
1803 1570 1853 1600 Cf.
1873 1580 1904 1601 n.
1922 1573 2012 1607 8303,
2025 1574 2118 1609 8310,

494 1661 496 1663 ,
522 1624 612 1656 8316,
632 1624 735 1658 8322.)

567 1673 677 1703 8315.
696 1692 732 1696 ——
746 1676 934 1711 Quittantia
959 1675 998 1705 de
1024 1675 1184 1713 expensis
1205 1683 1264 1713 per
1283 1674 1374 1705 Guil.
1395 1675 1434 1704 de
1456 1683 1481 1704 s.
1503 1674 1621 1709 Paulo,
1638 1675 1851 1706 collectorem
1871 1677 1904 1706 in
1918 1686 2019 1715 regno
2037 1679 2118 1709 Sici-

523 1729 588 1764 liae,
622 1729 718 1759 sactis
749 1737 808 1767 pro
827 1728 990 1758 missione
1018 1728 1194 1766 cujusdam
1222 1728 1344 1757 notarii
1374 1728 1415 1757 ad
1436 1728 1573 1758 Curiam
1603 1730 1638 1758 ut
1657 1729 1890 1759 consuleretur
1905 1730 1942 1760 Ρ.
1961 1731 1999 1760 Ρ.
2017 1740 2118 1770 super

523 1782 822 1813 constitutionibus
855 1782 956 1812 editis
978 1790 1039 1820 pro
1064 1781 1135 1810 ord.
1161 1780 1407 1810 Canonicorum
1433 1781 1514 1819 Reg.
1546 1789 1571 1810 s.
1591 1783 1676 1819 Aug.
1696 1783 1728 1811 et
1751 1782 1932 1820 publicatis
1958 1784 1992 1813 in
2016 1785 2117 1823 capit.

522 1835 699 1869 Perusino,
717 1835 862 1873 aliisque
881 1835 922 1864 ad
938 1836 1115 1864 Cameram
1132 1834 1240 1872 apost.
1262 1833 1492 1871 spectantibus
1510 1833 1544 1862 in
1559 1843 1659 1872 regno
1676 1835 1837 1872 predicto.
1855 1836 1982 1874 (Chart.
2002 1837 2073 1873 t'ol.)

567 1886 676 1915 8316.
695 1905 732 1908 —
750 1888 835 1926 Mag.
856 1887 1004 1917 Joannes
1022 1887 1201 1921 Gaudioni,
1220 1886 1299 1916 cler.
1320 1887 1501 1921 Turonen.‚
1529 1889 1700 1925 comparet
1724 1896 1835 1917 coram
1860 1889 2036 1925 ‹jasbertQ
2056 1891 2115 1920 Ca—

495 1944 496 1969 }
522 1941 668 1971 mer-ario
686 1941 722 1970 P.
743 1941 793 1974 P.,
812 1941 869 1978 qui
887 1940 995 1970 eidem
1012 1940 1115 1969 tradit
1131 1939 1262 1977 copiam
1290 1939 1511 1969 articulorum
1533 1940 1774 1977 productorum
1793 1943 1908 1971 contra
1929 1942 2040 1980 ipsum
2058 1952 2118 1981 per

495 1991 496 1994 ’
522 1994 731 2023 Ludovicum
754 1994 793 2023 de
815 1994 1046 2032 Petragrossa,
1076 1993 1111 2022 P.
1142 1992 1180 2023 P.
1202 1995 1455 2031 procuratorem
1479 1992 1640 2022 fiscalem.
1669 1993 1793 2032 (Chart.
1823 1994 1880 2024 fol.
1899 2013 1935 2017 ——
1955 1995 2005 2025 Cf.
2025 1997 2116 2033 8303,

521 2048 611 2083 8310,
630 2048 720 2082 8314,
737 2048 842 2082 8322.)

566 2098 675 2127 8317.
697 2119 733 2121 -
753 2099 909 2138 Capitula
928 2099 1147 2129 ecclesiarum
1165 2098 1312 2128 Feltren.
1324 2101 1355 2128 et
1371 2098 1545 2128 Bellunen.
1565 2098 1732 2128 ratificant
1748 2108 1787 2129 ea
1805 2108 1877 2137 quze
1890 2102 2118 2138 promiserant

493 2188 494 2197 ἵ
520 2153 701 2183 Benedicto
720 2153 785 2183 XII
803 2153 956 2190 ipsorum
973 2153 1220 2190 procuratores,
1241 2153 1277 2181 ut
1294 2151 1484 2181 obtinerent
1501 2151 1747 2182 absolutionem
1766 2161 1784 2181 a
1800 2153 1953 2182 censuris
1969 2154 2116 2185 incursis

521 2206 562 2236 ol)
578 2206 805 2236 adhaesionein
818 2206 987 2235 Ludovico
1000 2206 1129 2235 Bavaro
1139 2206 1170 2234 et
1182 2204 1336 2242 tyrannis
1354 2205 1392 2234 de
1405 2204 1437 2233 la
1452 2204 1557 2234 Scala.
1570 2204 1674 2243 (Orig.
1688 2213 1778 2243 perg.
1790 2215 1798 2239 3
1810 2206 1956 2243 Riezler,
1968 2216 1999 2236 n.
2011 2208 2115 2246 2077.)

565 2257 674 2287 8318.
693 2277 730 2280 —
750 2259 915 2297 Expensae
935 2267 994 2297 pro
1012 2267 1111 2296 opere
1130 2257 1371 2287 fortalitiorum
1389 2257 1498 2295 plebis
1515 2260 1546 2287 et
1564 2258 1681 2295 palatii
1697 2258 1774 2288 novi
1795 2258 1834 2288 de
1857 2259 2114 2290 Montefalcone.

492 2326 494 2346 ;
520 2313 625 2351 (Orig.
645 2321 736 2351 perg.
757 2311 867 2350 parv.)

564 2416 673 2446 8319.
693 2435 729 2439 -
755 2418 897 2448 Juvenis
914 2417 1094 2453 Pertuseti,
1115 2417 1267 2446 canonici
1284 2418 1316 2447 et
1331 2417 1487 2446 officialis
1502 2416 1613 2450 Dien.,
1632 2416 1747 2446 littera
1763 2417 1804 2446 ad
1820 2417 2036 2456 Gasbertum,
2056 2419 2117 2449 Ca-

520 2471 704 2501 merarium
720 2472 756 2501 P.
771 2471 821 2507 P..
838 2471 926 2500 circa
942 2470 1194 2500 exsecutionem
1214 2470 1449 2500 mandatorum
1464 2470 1536 2508 ejus
1554 2471 1585 2499 et
1602 2469 1796 2499 citationem
1813 2470 1904 2500 Gruil.
1919 2471 1958 2501 de
1969 2472 2111 2508 Vaesco,

491 2521 493 2544 ²
519 2524 652 2554 militis.
674 2524 777 2563 (Orig.
803 2532 895 2563 perg.
913 2523 1024 2561 parv.)

563 2574 670 2605 8320.
692 2595 729 2598 —
746 2576 923 2607 Guillelmi
948 2577 988 2606 de
1015 2585 1042 2605 s.
1062 2575 1180 2612 Paulo,
1200 2575 1347 2605 thesaur.
1368 2575 1607 2608 Beneventani,
1629 2577 1661 2605 et
1688 2576 1878 2606 collectoris
1896 2577 1930 2606 in
1950 2586 2049 2616 regno
2067 2579 2115 2608 51-

518 2630 604 2660 ciliae
623 2631 707 2660 citra
734 2630 893 2666 Pharum,
912 2629 1055 2668 epistola
1074 2629 1114 2659 ad
1139 2629 1316 2667 episcopos
1330 2628 1482 2666 aliosque
1506 2628 1655 2666 prelatos
1677 2629 1771 2667 regni
1788 2629 1940 2667 ejusdem
1962 2632 1997 2660 ut
2013 2631 2116 2661 infor·

490 2664 492 2680 l'
517 2684 702 2713 mationem
730 2683 854 2713 faciant
880 2683 920 2713 de
948 2682 1102 2721 pecuniis
1128 2681 1280 2712 collectis
1305 2690 1323 2711 a
1346 2681 1660 2711 subcollectorihus.
1679 2681 1790 2720 Hujus
1808 2683 1959 2720 epistol-ze
1990 2684 2113 2722 duplex

491 2763 492 2770 ,
518 2736 635 2766 existit
649 2736 926 2766 instrumentum.
947 2736 1052 2774 (Orig.
1073 2740 1182 2773 perg.)

562 2786 672 2817 8321.
693 2806 730 2810 —
750 2789 881 2819 Fratris
907 2788 1095 2824 Guillelmi,
1115 2788 1275 2826 archiep.i
1304 2787 1475 2821 Tolosam,
1502 2788 1601 2825 epist.
1621 2788 1661 2817 ad
1677 2788 1800 2817 Bened.
1818 2788 1882 2818 XII
1906 2791 1945 2818 de
1968 2789 2116 2827 receptis

518 2841 644 2872 litteris
659 2842 855 2881 apostolicis
882 2843 970 2872 circa
986 2849 1103 2880 preces
1120 2841 1253 2879 publice
1270 2840 1489 2871 effundendas
1506 2849 1566 2878 pro
1582 2849 1661 2879 pace
1679 2840 1766 2870 inter
1783 2840 1991 2879 Philippum,
2010 2842 2111 2871 Frau-

519 2895 588 2931 ciae,
609 2897 641 2925 et
660 2896 864 2930 Eduardum,
885 2895 1012 2934 Angliae
1029 2903 1137 2933 reges.
1155 2894 1259 2932 (Orig.
1277 2902 1369 2932 pei-g.
1387 2893 1498 2931 parv.)
