2376 3334
164 253 320 284 BENED.
345 250 408 281 XII
426 268 462 271 ——
479 249 536 279 DE
560 248 709 278 Assson
735 246 917 276 (zlixssix.
945 246 998 275 ET
1024 243 1275 274 iusl‘lcxsxr.
1300 242 1391 271 ΞΗ).
1419 241 1621 271 lliniiuUL.
1642 259 1675 261 —
1697 240 1804 270 ANNJ
1828 240 1872 269 IV
1896 242 2017 277 113381
2062 241 2097 268 77

123 344 222 369 Datum
248 338 272 369 A
281 335 426 368 consone.

92 1490 126 1515 10
146 1489 187 1522 (lv
209 1487 260 1519 id.)
280 1488 343 1520 jan.
372 1486 456 1513 [5338.

207 1532 236 1557 T.
259 1531 338 1558 ΧΧΧ.

235 2017 269 2043 Ut
289 2024 310 2042 s.

110 2229 141 2256 Ut
158 2237 180 2255 s.
198 2245 226 2248 —
246 2229 289 2255 Gr.
307 2237 357 2263 pro
374 2229 440 2255 Deo.

190 2494 226 2520 43
241 2493 302 2528 (id.)
316 2494 369 2527 feb.

233 2538 263 2564 T.
283 2537 315 2563 x.

147 2652 181 2679 40
200 2655 241 2687 (VI
258 2652 308 2684 id.)
325 2654 409 2678 mart.

210 2697 240 2722 T.
259 2696 351 2723 XXIV.

1030 569 1221 632 BENE
1234 567 1425 630 DICTI
1479 567 1586 629 XII

708 757 798 809 DE
849 754 1363 809 ABSOLUTIONE
1413 751 1911 807 CENSURARUM

800 876 890 928 ET
939 872 1528 928 DISPENSATIONE
1580 872 1815 925 SUPER

920 990 1687 1047 IRREGULARITATIBUS

1109 1164 1240 1200 ANNI
1274 1164 1328 1199 lv
1365 1163 1510 1211 (13:38)

559 1485 667 1515 (3057.
688 1505 722 1508 ψ
745 1485 904 1520 liebertus,
924 1494 977 1513 rer
992 1482 1118 1517 Sicilire,
1137 1481 1324 1511 absolvitur
1341 1480 1381 1509 ab
1396 1488 1523 1509 excom.
1541 1478 1718 1508 sententiis
1736 1486 1795 1516 per
1812 1486 1887 1507 eum
1904 1477 2048 1506 incursis
2064 1486 2105 1506 ex

515 1550 552 1572 eo
569 1541 656 1580 quod
675 1548 749 1570 cum
768 1539 800 1568 in
818 1538 871 1568 die
890 1535 1122 1567 translationis
1141 1544 1167 1565 s.
1186 1533 1345 1564 Ludovici
1368 1531 1572 1563 confessoris
1589 1531 1629 1561 ad
1643 1531 1786 1560 monast.
1807 1540 1821 1559 s
1857 1530 1961 1560 Clara*
1977 1530 2106 1568 Neapo—

514 1595 608 1624 litan.
634 1593 777 1632 ipsemet
803 1598 992 1621 sermonem
1012 1589 1161 1619 facturus
1179 1587 1389 1621 accessisset,
1411 1587 1442 1615 et
1463 1584 1710 1614 considerasset
1729 1584 1816 1622 quod
1836 1583 1972 1622 majoris
1994 1583 2106 1612 condi-

514 1647 617 1677 tionis
636 1646 820 1679 auditores,
844 1645 879 1673 ut
906 1642 1034 1681 praelati
1058 1642 1089 1671 et
1115 1639 1269 1679 magistri
1286 1639 1319 1668 in
1337 1637 1515 1676 theologia,
1534 1637 1663 1675 priores
1684 1638 1715 1666 et
1734 1636 1876 1666 lectores
1893 1636 2105 1665 diversorum

515 1700 585 1730 ord.
605 1699 866 1737 dedignarentur
891 1697 946 1725 aut
972 1703 1036 1724 non
1064 1694 1197 1731 accepte
1220 1692 1344 1722 ferrent
1370 1691 1495 1721 dictum
1516 1698 1704 1720 sermonem
1724 1689 1839 1718 audire
1864 1689 2013 1718 exterius
2030 1690 2104 1718 ante

515 1754 652 1788 cratem,
673 1751 765 1789 ipsos
782 1749 858 1779 fecit
876 1749 908 1778 in
925 1748 1012 1777 dicto
1032 1747 1175 1776 monast.
1194 1744 1359 1775 introduci
1373 1744 1405 1773 in
1422 1744 1518 1781 longe
1537 1742 1691 1780 ampliori
1711 1750 1849 1771 numero
1864 1749 1964 1779 quam
1981 1741 2047 1779 ipsi
2064 1749 2105 1771 ex

515 1805 692 1845 privilegio
710 1804 816 1841 apost.
838 1802 882 1831 sit
902 1808 1111 1834 concessum,
1130 1799 1216 1837 (cum
1236 1798 1362 1827 dictum
1386 1796 1601 1834 privilegium
1628 1803 1691 1824 non
1711 1794 1754 1824 sit
1771 1794 1836 1823 nisi
1853 1802 1912 1832 pro
1931 1793 2105 1823 duodecim

516 1858 669 1897 personis
689 1854 909 1886 saecularibus
928 1854 959 1883 et
979 1853 1121 1891 quatuor
1138 1850 1300 1881 fratribus
1317 1850 1386 1879 ord.
1403 1849 1500 1879 Mum
1516 1848 1659 1878 Aliunde
1678 1847 1749 1885 ipse
1768 1847 1844 1876 aliis
1865 1846 2008 1875 diversis
2026 1846 2104 1875 vici-

515 1911 578 1941 bus
596 1920 636 1940 ex
651 1909 762 1939 causis
778 1907 949 1937 similibus
967 1906 1046 1935 dicti
1064 1912 1224 1934 excessus
1248 1903 1380 1941 culpam
1400 1902 1548 1932 totaliter
1566 1909 1630 1930 non
1647 1898 1903 1929 excludentibus
1920 1899 2001 1928 talia
2020 1907 2106 1928 com-

516 1964 621 1994 misit.
643 1962 693 1999 (A.
708 1963 757 1997 85,
778 1961 799 1990 f.
824 1962 897 1994 148;
921 1959 955 1989 V.
979 1960 1045 1994 126,
1066 1967 1097 1987 n.
1122 1959 1175 1991 103
1193 1956 1311 1991 Eubel,
1333 1954 1415 1983 mall.
1436 1954 1664 1989 l‹'›‡a›1eise.,v1‚
1685 1961 1716 1982 n.
1734 1952 1797 1989 81.)

561 2014 670 2044 6058.
696 2033 733 2036 -
752 2013 878 2048 domani,
898 2022 964 2052 epo
982 2011 1154 2049 Anaqnin„
1169 2009 1279 2039 mand.
1300 2010 1335 2038 ut
1351 2008 1528 2038 Nicolaum
1544 2007 1639 2040 Nm,
1653 2005 1759 2035 civem
1773 2006 1928 2039 Roman„
1942 2004 2105 2034 fautorem

517 2068 679 2101 Ludovici
696 2068 735 2098 de
750 2066 892 2098 Bavaria
907 2066 938 2095 et
954 2064 1045 2094 Petri
1062 2064 1102 2093 de
1120 2062 1280 2093 Corbaria
1295 2061 1471 2099 antipapae,
1488 2061 1565 2089 tunc
1577 2059 1719 2089 electum
1734 2066 1792 2096 per
1808 2057 1969 2095 populum
1986 2057 2106 2086 Roma-

517 2131 597 2153 num
618 2130 722 2151 unum
739 2129 779 2150 ex
796 2118 975 2150 tresdecim
995 2117 1078 2146 viris
1093 2115 1290 2146 consulibus
1307 2114 1401 2143 dicta}
1420 2112 1534 2148 Urbis,
1556 2111 1596 2142 ab
1613 2119 1740 2141 excom.
1761 2110 1926 2140 sententia
1942 2109 2104 2139 absolvat.

518 2177 569 2216 (A.
588 2176 638 2211 52,
654 2174 675 2205 f.
694 2175 731 2204 10
744 2177 777 2202 v⁰
792 2171 907 2212 (rub.);
928 2171 962 2201 V.
985 2171 1053 2206 125,
1075 2178 1105 2199 n.
1124 2168 1209 2205 327.)

562 2224 672 2256 6059.
688 2245 724 2249 -
741 2226 825 2265 Εμι)
837 2224 1033 2259 Sislaricen.,
1046 2221 1158 2252 mand.
1177 2222 1212 2250 ut
1232 2229 1307 2250 cum
1327 2220 1426 2249 Petro
1446 2217 1592 2253 (iii-arcii,
1609 2216 1758 2247 subdiac.
1776 2224 1843 2245 sure
1857 2215 1915 2249 di.,
1935 2215 2108 2253 dispenset

519 2290 619 2320 super
646 2289 683 2310 eo
707 2279 807 2318 quod,
830 2277 916 2316 juris
938 2277 1087 2315 ignarus,
1105 2283 1172 2304 una
1193 2274 1225 2304 et
1244 2273 1359 2303 eadem
1381 2272 1434 2302 die
1458 2271 1600 2310 quatuor
1620 2270 1768 2299 minores
1790 2270 1821 2298 et
1847 2267 2107 2297 subdiaconatus

519 2334 654 2365 ordines
677 2331 838 2370 suscepit,
857 2332 892 2360 ut
908 2329 948 2359 ab
966 2327 1181 2359 exsecutione
1200 2326 1247 2355 sic
1265 2325 1496 2363 susceptorum
1515 2323 1584 2353 ord.
1604 2331 1663 2361 per
1679 2331 1739 2352 sex
1755 2329 1888 2351 menses
1908 2327 2106 2358 suspensus,

519 2387 552 2417 in
567 2386 650 2417 eisd.
670 2386 785 2425 postea
802 2383 995 2414 ministrare
1020 2382 1051 2411 et
1070 2388 1186 2411 omnes
1212 2379 1297 2409 alios
1323 2377 1494 2415 suscipere
1517 2375 1634 2414 possit.
1656 2375 1707 2414 (A.
1726 2375 1775 2410 85,
1796 2373 1818 2403 f.
1834 2375 1892 2404 356
1907 2377 1955 2409 v03
1979 2372 2015 2402 V.
2038 2373 2105 2408 126,

519 2449 551 2470 n.
568 2441 652 2476 359.)

564 2489 673 2520 6060.
695 2509 731 2512 -
753 2487 937 2524 Baimundo,
958 2497 1026 2527 ep.0
1052 2486 1294 2520 maromontem,
1320 2484 1360 2513 ad
1384 2481 1560 2512 biennium
1585 2480 1776 2511 conceditur
1799 2479 1940 2509 facultas
1962 2477 2108 2508 reconci-

519 2545 625 2576 liandi
641 2553 701 2583 per
719 2543 823 2574 alium
840 2541 917 2572 eccl.
937 2542 968 2571 et
982 2538 1171 2570 coemeteria
1187 2537 1313 2568 violata
1329 2544 1467 2566 suorum
1485 2534 1575 2565 civit.
1594 2535 1625 2564 et
1644 2534 1688 2563 di.
1710 2533 1761 2572 (A.
1778 2534 1828 2569 52,
1850 2531 1871 2561 f.
1890 2532 1962 2565 241;
1988 2530 2019 2559 V.
2042 2531 2108 2564 125,

520 2608 553 2629 n.
572 2597 656 2636 234.)

565 2648 674 2679 6061.
693 2667 730 2671 -
748 2648 913 2687 Archiep.o
932 2645 1093 2679 Τοίοεαηο,
1111 2644 1223 2674 mand.
1242 2644 1276 2673 ut
1291 2641 1490 2673 Durandum
1506 2640 1546 2670 de
1567 2639 1755 2674 villanova,
1775 2646 1838 2676 pin„
1861 2645 1931 2666 can.
1948 2637 1979 2666 et
1996 2643 2109 2674 opera-

522 2704 609 2735 rium
627 2703 706 2734 eccl.
725 2702 896 2736 Tolosan.‚
914 2700 952 2730 O.
970 2700 1002 2730 S.
1022 2700 1074 2734 Α.,
1092 2697 1133 2727 ad
1150 2698 1284 2734 tempus
1302 2694 1342 2725 ab
1359 2694 1515 2725 ordinum
1532 2691 1745 2723 exsecutione
1766 2689 1960 2728 suspendat,
1979 2688 2110 2726 postea-

522 2766 585 2796 que
603 2755 755 2786 absolvat
772 2753 812 2784 ab
830 2761 957 2783 excom.
979 2750 1145 2782 sententia
1168 2758 1268 2788 quam
1295 2748 1435 2778 incurrit
1459 2755 1500 2776 ex
1522 2754 1559 2775 eo
1576 2744 1664 2783 quod
1689 2742 1870 2781 receptioni
1888 2740 2109 2780 quorumdam

523 2809 759 2840 canonicorum
785 2809 817 2837 et
843 2805 1030 2844 praesertim
1054 2802 1237 2841 receptioni
1257 2799 1432 2831 Bertrandi
1461 2799 1500 2829 de
1525 2796 1799 2830 Montefaventio,
1821 2802 1896 2832 nep.
1920 2791 2109 2827 Bertrandi,

524 2872 551 2893 s.
569 2863 612 2892 M.
633 2862 668 2891 in
683 2860 811 2899 Aquiro
831 2868 881 2897 pr.
896 2858 999 2893 card,
1015 2855 1195 2887 consentiit
1209 2855 1325 2884 contra
1341 2851 1575 2882 inhibitionem
1592 2848 1756 2880 Bonifacii
1772 2847 1862 2882 VIII,
1880 2845 1974 2884 cujus
1991 2844 2110 2874 litterae

525 2915 587 2946 sub
605 2914 729 2953 tegulis
746 2912 887 2943 archivii
903 2919 961 2950 per
976 2911 1045 2940 tres
1063 2908 1241 2939 canonicos
1260 2907 1355 2936 dictae
1369 2905 1448 2935 eccl.
1464 2902 1666 2934 absconditae
1682 2900 1825 2934 fuerant,
1841 2900 1872 2929 et
1886 2906 1950 2927 non
1968 2897 2108 2935 repertae
