2376 3334
85 256 244 287 BENED.
268 255 331 285 XII
356 272 393 276 -
415 254 622 284 LITTERAE
646 252 898 283 COMMUNES.
923 251 1005 281 SEU
1029 251 1322 281 DivisslisARLssM
1346 252 1608 282 FORMARUM.
1632 268 1669 272 —
1693 252 1801 281 ANNI
1826 253 1853 282 Y
1878 255 1996 287 (1339›
2039 255 2096 283 215

113 344 212 369 Datum
242 337 422 370 Avenione.

150 708 180 733 ΙΙ
205 707 233 740 (v
255 708 305 737 id.)
328 711 379 734 oce.

203 751 232 776 T.
255 751 322 777 xvi.

148 918 182 943 12
199 924 240 948 (lv
259 917 308 947 id.)
328 921 379 944 ort.

117 962 146 988 T.
163 962 231 991 xvi.
251 962 320 995 xvi,
338 963 406 988 xvi.

144 1500 178 1526 M
198 1500 229 1533 (11
249 1500 300 1533 id.)
320 1505 373 1528 oct.

197 1544 227 1570 T.
249 1545 317 1570 xvi.

121 1820 156 1847 15
176 1819 237 1855 (id.)
258 1824 329 1854 oct.;
347 1822 393 1847 (ir.

133 2138 165 2165 Ui
184 2147 206 2165 s.
226 2157 257 2161 —
271 2139 300 2166 T.
321 2140 376 2165 XX.

202 2404 236 2430 17
258 2407 310 2431 oct.

141 2448 202 2482 (xV1
218 2448 276 2475 kal.
293 2451 370 2482 nov.)

211 2493 242 2519 T.
266 2493 297 2519 X.

201 2670 243 2696 26
258 2674 310 2697 oct.

102 2713 156 2748 (vn
173 2714 231 2741 kal.
248 2715 345 2750 nov.);
363 2715 409 2742 Gr.

507 442 670 480 Corrigia,
695 442 779 471 civis
799 442 969 476 Parmen.,
986 439 1071 478 petit
1088 441 1121 469 ut
1142 439 1206 477 ipsi
1225 441 1256 469 et
1275 439 1464 470 haeredibus
1481 441 1552 469 suis
1570 440 1602 469 in
1616 442 1743 479 perpet.
1758 441 1894 471 feudum
1912 441 1949 471 P.
1966 443 2000 471 l‘.
2018 451 2094 472 con-

506 496 601 525 cedat
624 494 802 533 quemdam
827 496 974 523 montem
1001 493 1103 522 situm
1121 492 1153 521 in
1174 492 1255 521 villa
1277 492 1521 531 Casterignani,
1541 493 1694 523 Pal-men.
1714 494 1772 528 di.,
1791 504 1805 522 «
1826 494 1882 533 qui
1900 503 1964 524 non
1981 496 2095 525 exten-

506 549 596 578 ditur
615 557 673 586 per
690 547 918 576 summitatem
943 555 1001 584 per
1018 545 1194 575 dimidiam
1210 544 1432 581 balistratain,
1452 557 1466 574 υ
1484 546 1516 575 in
1535 555 1599 584 quo
1617 546 1703 576 idem
1721 548 1808 577 Aczo
1823 556 1882 585 pro
1901 547 2095 578 defensione

506 601 730 630 vassallorum
749 608 887 629 suoi-um
902 607 1039 628 numero
1054 599 1113 628 800
1127 600 1158 628 et
1175 598 1274 633 ultra,
1286 607 1395 627 arcem
1412 601 1604 629 construere
1623 599 1802 629 desiderat.
1817 600 1851 635 (Α
1862 624 1866 628 .
1877 601 1926 636 53,
1941 600 1961 629 f.
1976 601 2029 630 131
2044 605 2092 637 νῦ,

510 653 542 683 V.
565 655 632 687 127,
658 662 689 682 n.
707 653 790 689 290.)

550 703 657 734 7486.
676 724 713 728 —
735 705 859 734 Eisdem
878 704 989 734 mand.
1007 705 1042 734 ut
1059 712 1094 733 se
1112 704 1293 733 informent
1308 705 1340 733 et
1363 704 1508 734 reserant
1528 713 1629 743 snper
1652 714 1689 734 eo
1707 705 1796 743 quod
1821 705 1930 735 dictus
1948 706 2035 736 Aczo
2055 706 2094 736 de

504 759 654 798 Corrigia
670 759 754 796 petit
770 758 940 788 licentiam
968 757 1183 796 permutandi
1203 765 1277 786 cum
1296 756 1477 794 Hugolino,
1496 766 1570 795 epo
1593 758 1759 794 Fui-meir,
1781 759 1944 797 quasdam
1960 768 2091 797 posses·

505 812 618 842 siones
638 812 722 842 sitas
739 812 772 841 in
796 813 886 841 terra
913 811 952 840 de
979 810 1151 845 Colurnio,
1179 809 1335 839 Parmen.
1364 809 1422 844 di.,
1443 810 1481 838 ad
1507 819 1657 839 mensam
1676 811 1823 849 episcop.
1841 814 2042 850 spectantes,
2060 812 2093 841 in

505 874 570 904 qua
586 868 674 895 terra
693 867 840 895 castrum
860 863 1008 902 propriis
1027 862 1221 901 sumptibus
1238 862 1426 892 aedificavit.
1447 863 1497 901 (A.
1516 864 1567 896 53,
1586 863 1607 892 f.
1627 864 1681 892 131
1702 868 1754 898 ψ’,
1778 864 1811 893 V.
1834 865 1900 900 127,
1921 873 1951 894 n.
1970 866 2054 903 291.)

549 915 658 945 71187.
678 936 714 938 -
731 916 871 947 Arnaldo
895 915 1048 947 Guillelmi
1071 916 1106 945 de
1132 915 1274 951 Albiaco,
1303 924 1391 945 mon.
1418 917 1560 945 monast.
1586 915 1793 953 Moisiacen.,
1814 917 1909 947 Clun.
1934 918 2018 954 ord,
2035 919 2093 948 Ca-

504 972 630 1001 turcen.
652 971 711 1006 di.,
734 969 1001 1000 administratori
1026 970 1061 999 in
1088 968 1333 1007 temporalibus
1361 970 1505 998 monast.
1535 969 1669 998 Farfen.
1698 970 1738 999 ad
1763 970 1861 1000 Rom.
1884 971 1972 1000 Eccl.
2000 971 2092 1002 nullo

503 1024 613 1054 medio
636 1025 735 1062 pert„
755 1023 793 1054 O.
814 1024 848 1054 S.
867 1024 919 1059 B„
940 1022 1098 1053 Sabinen.
1126 1022 1183 1058 di.,
1203 1022 1313 1051 mand.
1337 1023 1373 1051 ut
1391 1021 1431 1051 ad
1456 1022 1582 1051 dictum
1599 1024 1739 1052 monast.
1764 1023 1898 1053 Farfen.
1920 1024 1992 1054 sine
2011 1024 2092 1055 dila-

503 1077 608 1107 tionis
626 1076 799 1107 obstaculo
828 1085 863 1106 se
877 1075 1102 1114 personaliter
1121 1074 1307 1110 conferens,
1325 1076 1435 1104 castra
1451 1075 1570 1110 Petrae,
1589 1074 1786 1111 Scandulize,
1804 1076 1948 1114 Ripasti,
1968 1077 2090 1107 Genes-

502 1132 572 1166 trae,
596 1130 797 1165 Montaroni,
818 1130 923 1165 Farae,
942 1128 1164 1164 Postmontis,
1180 1127 1435 1166 Montispopuli,
1456 1127 1658 1163 Buctiniani,
1672 1128 1791 1158 Rochze
1811 1128 2021 1165 Taballestae,
2039 1132 2093 1160 Sa-

503 1183 617 1218 lisani,
649 1182 816 1219 Fatuculi,
847 1182 944 1212 Podii
962 1191 989 1212 s.
1009 1181 1195 1216 Laurentii,
1223 1181 1330 1219 Caput
1352 1180 1470 1215 Farfae,
1497 1180 1646 1217 Thoffiae,
1662 1181 1787 1211 Montis
1804 1190 1831 1211 s.
1849 1181 1905 1217 M„
1923 1184 1955 1212 et
1972 1183 2092 1214 Roclne

502 1236 657 1272 Sollanae,
675 1245 712 1266 ac
726 1237 846 1266 caetera
864 1237 974 1265 castra
992 1235 1032 1265 ad
1044 1235 1170 1265 dictum
1188 1235 1332 1264 monast.
1350 1234 1483 1264 Farfen.
1503 1234 1686 1273 plenojure
1703 1236 1819 1273 spect„
1831 1243 1904 1273 quae
1920 1236 2092 1267 nonnullis

502 1289 697 1328 potentibus
723 1291 754 1319 et
777 1289 855 1318 aliis
884 1288 1039 1327 personis
1066 1288 1203 1318 illarum
1231 1287 1379 1325 partium
1406 1295 1576 1322 concessa,
1601 1286 1641 1316 ab
1660 1287 1729 1317 illis
1750 1289 1908 1326 occupata
1924 1288 2092 1326 dicuntur,

501 1343 542 1372 ad
561 1351 698 1373 manum
719 1342 757 1372 P.
776 1343 812 1372 P.
833 1343 935 1380 ponat
958 1343 990 1372 et
1017 1341 1206 1372 custodiat:
1232 1340 1439 1370 instantibus
1457 1341 1598 1377 Joanne,
1622 1340 1709 1374 abb,
1728 1342 1760 1371 et
1779 1341 1959 1372 Francisco
1976 1342 2015 1372 de
2031 1343 2093 1373 Ur-

500 1396 660 1431 beveteri,
680 1404 768 1425 mon.
789 1395 869 1425 dicti
886 1396 1029 1425 monast.
1045 1411 1082 1415 —
1100 1395 1125 1424 I.
1146 1403 1174 1424 e.
1194 1403 1237 1423 m.
1254 1402 1347 1423 conv.
1368 1394 1399 1423 et
1416 1393 1507 1423 univ.
1520 1393 1678 1423 vassallis
1695 1393 1801 1432 ejusd.
1820 1397 1962 1425 monast.
1977 1396 2028 1434 (A.
2042 1397 2090 1431 53,

500 1449 522 1478 f.
543 1450 599 1479 132
617 1453 672 1484 v⁰,·
697 1448 728 1478 V.
752 1450 819 1485 127,
838 1457 870 1477 n.
887 1449 970 1485 293.)

545 1499 654 1529 7488.
670 1520 705 1523 —
723 1501 838 1531 Abbati
856 1506 983 1531 monast.
1003 1511 1027 1529 s.
1041 1500 1214 1535 Laurentii,
1231 1504 1257 1529 ct
1271 1509 1383 1539 praep„
1401 1509 1435 1528 ac
1450 1499 1556 1539 Beqali
1572 1499 1607 1529 de
1625 1499 1797 1539 Reqstlibus,
1814 1510 1880 1530 can.
1902 1499 2090 1537 Cesenaten„

499 1555 610 1585 mand.
632 1557 668 1585 ut
685 1555 786 1585 citent
801 1554 1025 1593 personaliter
1044 1554 1262 1584 Benedictum
1283 1553 1322 1582 de
1342 1552 1574 1589 MarabotiniS,
1594 1553 1674 1583 olim
1692 1556 1923 1592 occupatorem
1945 1557 2089 1585 monast.

500 1617 527 1637 s.
547 1608 732 1644 Anastasii,
757 1608 793 1638 O.
811 1608 843 1637 S.
865 1608 915 1644 B.‚
936 1608 1108 1637 Feretran.
1130 1606 1189 1643 di.,
1207 1606 1265 1644 qui
1288 1606 1399 1636 laicali
1425 1606 1531 1635 fultus
1550 1606 1698 1644 potentia
1716 1615 1751 1636 se
1770 1606 1849 1645 eligi
1870 1607 1947 1637 fecit
1964 1607 1998 1637 in
2014 1607 2088 1638 abb.

499 1663 643 1691 monast.
669 1670 695 1691 s.
712 1661 893 1692 Gaudentii
920 1660 1123 1693 Ariminen„
1141 1659 1182 1689 ad
1205 1659 1244 1689 R.
1264 1659 1302 1688 E.
1325 1659 1418 1688 nullo
1449 1659 1559 1688 medio
1580 1660 1678 1697 pert,
1705 1659 1785 1689 dicti
1816 1660 1898 1695 ord,
1923 1668 1981 1698 per
2009 1660 2088 1691 obit.

498 1714 637 1744 Henrici
659 1714 748 1753 apud
773 1714 849 1744 Sed.
875 1715 938 1752 Ap.
962 1713 1088 1752 praevia
1104 1712 1252 1751 generali
1276 1713 1437 1742 reservat.
1459 1713 1622 1742 vacantis.
1642 1712 1692 1750 (A.
1711 1714 1760 1748 53,
1776 1712 1797 1741 f.
1817 1714 1876 1743 219
1893 1717 1945 1748 v⁰;
1972 1712 2000 1743 V.
2022 1715 2090 1746 127,

499 1776 531 1798 n.
549 1769 632 1804 7121.)

545 1818 653 1848 7489.
678 1838 711 1843 —
728 1819 946 1850 Confirmatio
965 1819 1138 1857 pensionis
1155 1827 1272 1848 annuae
1289 1819 1381 1852 3,ΟΟΟ
1395 1818 1465 1848 tlor.
1489 1818 1562 1847 auri
1581 1826 1599 1847 a
1614 1818 1754 1854 Joanne,
1773 1818 1846 1848 abb.
1863 1820 2006 1849 monast.
2020 1820 2091 1850 Cis-

499 1874 608 1910 tercii‚
627 1873 836 1904 Cabillonen.
864 1873 922 1907 di.,
944 1873 976 1902 et
992 1872 1121 1902 caeteris
1141 1871 1376 1901 definitoribus
1406 1870 1504 1909 capit.
1532 1870 1699 1909 generalis
1722 1871 1791 1901 ord.
1816 1871 1899 1902 Cist.
1917 1871 2089 1908 Guillelmo,

497 1936 535 1956 ss.
556 1926 694 1962 Quanam*
714 1926 934 1956 Coronatorzmz
949 1935 1001 1964 pr.
1019 1924 1115 1960 card,
1130 1925 1170 1954 ad
1186 1925 1291 1954 vitam
1308 1924 1506 1962 assignat-(e,
1519 1933 1594 1953 cum
1612 1924 1795 1954 insertione
1814 1924 1920 1963 ejusd.
1940 1926 2090 1964 assigna-

498 1980 616 2015 tionis,
634 1980 717 2010 datae
735 1979 824 2018 apud
848 1978 1061 2009 Cistercium.
1090 1986 1175 2007 anno
1194 1979 1282 2013 1339,
1300 1979 1449 2015 tempore
1466 1977 1605 2015 capituli
1629 1977 1808 2016 generalis.
1827 1995 1864 1998 —
1881 1978 1920 2007 In
1934 1987 1961 2008 e.
1979 1987 2021 2009 m.
2041 1988 2090 2008 ar-

499 2032 630 2071 chiep.o
662 2032 890 2068 Ebredunen.,
910 2032 941 2061 et
964 2031 1184 2066 Avenionen.,
1216 2040 1252 2060 ac
1277 2030 1482 2060 Nemausen.
1508 2030 1604 2068 ep.is.
1629 2031 1680 2067 (A.
1702 2031 1751 2066 53,
1768 2030 1790 2059 f.
1807 2032 1865 2060 223
1886 2035 1938 2066 v⁰;
1973 2031 2004 2060 V.
2022 2033 2089 2067 127,

498 2095 531 2116 n.
549 2088 629 2121 7173
648 2087 716 2122 134,
736 2086 757 2115 f.
774 2087 813 2116 98
829 2089 873 2121 v⁰‚
891 2086 941 2118 99,
960 2093 991 2113 n.
1010 2085 1078 2119 352,
1096 2085 1172 2120 353;
1188 2084 1344 2119 Daumet,
1364 2092 1396 2112 n.
1412 2085 1482 2116 654,
1499 2083 1583 2121 655.)

543 2139 553 2148 “
576 2136 684 2167 7490.
702 2156 741 2160 -
757 2139 840 2177 Ep.o
862 2137 1038 2173 Vercellen„
1055 2142 1082 2166 et
1099 2136 1166 2165 abb.
1181 2140 1309 2165 monast.
1327 2145 1350 2164 s.
1370 2135 1531 2174 Stephani,
1550 2145 1583 2164 ac
1600 2136 1717 2165 cantori
1733 2135 1803 2165 eccl.
1827 2146 1849 2165 s.
1868 2136 1997 2166 Eusebz'i
2026 2137 2091 2166 Ver-

498 2192 617 2229 cellen.,
636 2192 748 2222 mand.
769 2194 804 2221 ut
828 2191 928 2221 faciat
949 2190 1092 2229 justitiae
1118 2189 1402 2228 complementum
1427 2189 1526 2218 Petro
1551 2188 1590 2218 de
1608 2188 1707 2224 Stria,
1726 2189 1805 2219 cler.
1824 2190 1999 2228 conjugato
2019 2190 2092 2228 Ipo-

499 2246 583 2276 rien.
603 2245 660 2281 di.,
678 2246 794 2275 contra
819 2244 1035 2274 Dominicum
1053 2243 1092 2272 de
1108 2242 1263 2277 Valexia,
1287 2241 1410 2271 laicum
1434 2242 1621 2280 Augusten.
1640 2242 1698 2278 di.,
1717 2242 1774 2280 qui
1792 2242 1919 2272 dictum
1934 2243 2013 2273 cler.
2031 2251 2090 2282 per

498 2299 543 2329 di.
560 2298 708 2337 Iporien.
735 2297 963 2336 negotiantem
986 2296 1073 2334 cepit
1094 2297 1125 2325 et
1148 2304 1279 2325 summa
1298 2296 1390 2330 2,2ΟΟ
1406 2295 1477 2325 ssor.
1494 2295 1566 2324 auri
1584 2294 1729 2333 aliisque
1743 2294 1844 2325 rebus
1861 2295 2031 2334 spoliavit,
2053 2305 2090 2326 ac

498 2360 557 2390 per
575 2359 725 2381 mensem
739 2350 848 2381 tenuit
865 2349 989 2380 carceri
1007 2349 1248 2387 mancipatum.
1267 2348 1318 2385 (A.
1333 2349 1382 2384 53,
1402 2347 1425 2377 f.
1444 2350 1516 2383 1643
1540 2348 1574 2378 V.
1593 2349 1660 2383 127,
1678 2357 1709 2377 n.
1730 2349 1813 2387 397.)

543 2401 652 2432 7491.
672 2420 710 2424 —
732 2403 816 2442 Epo
836 2413 860 2431 s.
878 2402 983 2438 Juscae,
1006 2401 1118 2431 mand.
1137 2403 1173 2431 ut
1195 2409 1229 2431 se
1251 2401 1410 2431 informet
1428 2401 1460 2430 et
1478 2400 1601 2430 referat
1625 2408 1726 2438 super
1744 2408 1782 2429 eo
1803 2399 1892 2439 quod
1906 2400 2089 2430 Gundisal-

497 2466 571 2494 vus,
596 2457 787 2495 archiep.us
813 2455 994 2486 Calaritan.
1020 2454 1242 2485 Guillelmum
1269 2453 1419 2489 Jordani,
1446 2454 1610 2483 rectorem
1635 2452 1715 2483 eccl.
1742 2461 1768 2482 s.
1800 2461 1827 2483 s.
1853 2452 2030 2483 Trinitatis
2058 2455 2090 2484 et

497 2511 612 2541 Mariae
634 2510 673 2540 de
696 2509 853 2545 Bonaire,
873 2508 1054 2539 Calaritan.
1077 2508 1136 2543 di.,
1156 2507 1197 2537 ad
1214 2507 1290 2538 Sed.
1309 2507 1441 2545 Apost.,
1462 2506 1598 2545 praeviis
1615 2505 1770 2544 pluribus
1789 2506 2087 2544 appellationibus,

498 2564 722 2599 accedentem,
746 2563 836 2592 dicta
859 2570 920 2592 sua
944 2561 1023 2592 eccl.
1049 2560 1206 2599 privavit,
1231 2561 1263 2590 et
1286 2560 1325 2590 de
1348 2560 1434 2590 facto
1457 2559 1598 2589 contulit
1616 2559 1794 2589 Castilioni
1813 2560 1928 2595 Resta,
1948 2559 2088 2589 oriundo

498 2617 537 2648 de
554 2615 738 2647 Castilione
754 2615 993 2654 Impuriarum,
1009 2614 1200 2645 Gerunden.
1218 2613 1263 2644 di.
1283 2613 1336 2652 (A.
1356 2614 1406 2649 53,
1424 2612 1445 2642 f.
1462 2614 1521 2642 218
1535 2617 1580 2646 v⁰;
1606 2611 1637 2642 V.
1658 2613 1725 2648 127,
1742 2621 1774 2641 n.
1794 2611 1879 2650 708.)

544 2671 554 2680 ⁶
578 2667 687 2697 7492.
703 2687 740 2690 —
751 2669 837 2708 Epo
852 2668 1023 2704 Cassinen.,
1034 2666 1146 2697 mand.
1161 2668 1198 2697 ut
1211 2666 1494 2697 Bartholoinaeum
1503 2665 1716 2701 Plumbaten,
1728 2665 1767 2695 de
1780 2665 1950 2702 Cervario,
1964 2665 2088 2696 laicum

498 2723 673 2754 Cassinen.
695 2722 754 2759 di.,
783 2721 1008 2760 appellatione
1028 2721 1157 2751 remota
1181 2719 1360 2758 compellat
1388 2719 1429 2749 ad
1447 2719 1655 2749 reddendum
1677 2718 1840 2749 rationem
1864 2718 1903 2748 de
1931 2718 2087 2748 omnibus

498 2785 557 2815 per
573 2784 650 2806 eum
668 2775 773 2814 gestis
790 2774 904 2814 vigore
922 2773 1170 2813 procurationis
1187 2782 1274 2812 mag.
1292 2772 1468 2803 Guillelmi
1485 2773 1525 2802 de
1544 2781 1570 2802 s.
1587 2772 1732 2805 Victore,
1757 2771 1794 2802 P.
1814 2771 1850 2801 P.
1869 2772 1938 2801 not.
1957 2771 2089 2801 Damna

499 2829 589 2860 enim
609 2838 627 2859 a
651 2829 740 2858 dicto
759 2827 1003 2858 Bartholomaeo
1026 2826 1250 2856 multifariam
1275 2826 1363 2856 dicto
1387 2825 1518 2855 notario
1541 2825 1635 2855 illata
1655 2825 1696 2855 ad
1720 2824 1866 2854 valorem
1886 2824 1995 2858 12,000
2013 2823 2084 2852 flor.

499 2882 693 2917 ascendunt,
709 2881 777 2911 tam
790 2880 919 2910 ratione
928 2880 1099 2910 fructuum
1113 2879 1352 2909 beneficiorum
1366 2887 1439 2917 quae
1454 2878 1488 2907 in
1501 2877 1612 2908 insula
1628 2877 1751 2908 Siciliae
1764 2876 1970 2915 possidebat,
1986 2883 2086 2914 quan]

499 2935 670 2966 fructuum
685 2934 830 2964 monast.
849 2942 876 2963 s.
894 2932 1086 2964 sebastiani
1107 2931 1335 2971 Neapolitan„
1360 2931 1399 2962 O.
1421 2931 1454 2961 S.
1478 2931 1530 2967 B.,
1552 2930 1605 2960 cui
1623 2930 1654 2960 b.
1676 2938 1720 2960 m.
1744 2929 1967 2964 Raimundus,
1989 2936 2086 2966 ep.us
