2376 3334
359 256 630 287 APPENDICES
653 256 713 286 AD
735 256 952 290 QUARTUM
976 255 1187 286 BULLARII
1211 255 1447 286 BENEDICTI
1472 255 1536 285 XII
1562 253 1718 285 ANNUM
1741 255 1860 291 (1338)
2064 256 2119 284 125

232 445 271 472 23
285 449 353 479 sept.

247 552 265 577 3
282 554 333 577 oct.

239 762 273 787 {2
285 764 339 788 oct.

236 868 269 894 13
289 869 341 894 oct.

240 1026 273 1052 Μ
291 1028 341 1052 oct.

248 1132 280 1159 Ut
303 1140 325 1158 s.

231 1290 266 1317 31
282 1292 334 1318 oct.

233 1503 267 1529 ’10
287 1504 342 1529 tlec.

180 1609 217 1635 30
238 1609 296 1636 dcc.
315 1609 392 1636 1338

176 1656 203 1679 et
218 1654 280 1687 jan.
305 1652 390 1680 1339.

205 2726 258 2752 An.
280 2725 365 2753 1345.

177 2884 208 2909 Il
224 2890 289 2917 auq.
310 2883 396 2912 1336.

580 441 689 471 6501.
715 461 752 464 —
778 444 1012 473 Juramentum
1032 443 1206 473 fidelitatis
1231 443 1417 482 przestituin
1437 444 1469 474 S.
1496 443 1536 473 R.
1555 444 1591 473 E.
1615 452 1632 472 a
1653 442 1754 472 fratre
1774 442 1929 478 Henrico,
1949 442 2115 480 archiepo

535 495 762 535 Salisburgen.
786 496 883 532 (Arm.
903 495 972 532 XV,
992 504 1082 534 caps.
1102 505 1148 532 xi,
1168 504 1199 526 n.
1217 497 1245 530 7,
1266 505 1297 534 p.
1315 496 1353 526 98
1372 501 1430 532 v0.)

579 546 686 577 6502.
708 567 743 570 —
765 549 892 578 Littera
920 549 1040 578 Bene-d.
1059 549 1123 578 XII
1141 549 1180 578 ad
1199 549 1334 579 (iotium
1352 548 1567 583 cardinalem,
1591 550 1621 578 et
1642 557 1753 586 ep.um
1771 548 1965 579 Vasionen..
1990 547 2116 585 legatos

534 604 640 640 apost.
659 602 691 631 in
708 601 833 635 Sicilia,
853 603 886 631 ut
905 602 1054 636 Petrum,
1079 601 1241 631 Friderici
1260 601 1441 631 Trinacria*
1463 602 1550 640 regis
1569 601 1672 631 filiuni
1697 600 1969 639 primogenitum,
1987 609 2117 630 excom-

532 655 714 690 municent,
733 654 925 693 dictumque
943 663 1082 693 regnum
1099 663 1173 684 cum
1191 654 1311 684 insulis
1326 653 1554 692 adjacentibus
1569 654 1608 683 ad
1626 654 1658 684 S.
1676 654 1705 684 R
1736 654 1772 684 E.
1794 653 1988 683 devolutum
2009 653 2117 683 decla-

532 709 616 738 rent.
642 708 741 745 (Arm.
756 707 844 743 XIV,
863 716 952 745 caps.
970 715 1015 742 1x‚
1035 716 1066 737 n.
1085 707 1131 745 7.)

576 758 684 788 6503.
706 778 742 781 —-
758 761 917 790 Instrum.
936 768 1037 798 super
1056 760 1326 789 reconciliatione
1345 760 1617 789 Bononiensium.
1638 761 1735 797 (Arm.
1756 759 1825 795 XV,
1841 768 1930 798 caps.
1951 768 1993 795 iv,
2015 768 2046 789 n.
2064 761 2114 794 56,

531 822 562 852 p.
585 816 596 843 1
617 815 648 844 et
670 821 757 852 seq-3
776 813 956 852 Raynaldi,
975 821 1027 842 an.
1049 814 1135 848 1338,
1154 821 1185 842 n.
1206 821 1287 849 xxx,
1309 812 1419 850 xxxa)

576 864 683 895 6504.
705 884 739 889 —
763 866 857 897 Bulla
873 866 913 896 ad
933 866 1120 904 Guigonem
1135 866 1174 895 de
1194 874 1219 896 s.
1240 866 1419 901 Germano,
1440 865 1606 901 nuntium,
1623 865 1748 895 directa
1769 865 1855 895 circa
1871 865 2116 895 absolutionem

531 920 795 950 Bononiensium
812 919 987 949 rebellium
1004 919 1036 949 S.
1054 919 1094 949 R.
1114 919 1164 955 E„
1182 919 1215 948 in
1231 927 1297 957 qua
1314 918 1436 948 (licitur
1453 918 1541 957 quod
1557 918 1622 956 ipsi
1645 918 1873 957 promiserunt
1890 918 2114 948 obedientiam

530 972 657 1003 Sanctae
674 972 752 1003 Sedi
769 973 799 1002 et
816 972 1016 1002 solutionem
1033 971 1134 1001 annui
1150 979 1271 1001 census
1285 972 1377 1007 8,ΟΟΟ
1391 971 1461 1001 ssor.
1482 971 1566 1001 auri.
1586 971 1636 1008 (A.
1656 971 1694 1000 A.
1712 970 1822 1005 Insa-‚3
1839 970 1880 1001 cf.
1903 979 1934 1000 n.
1952 971 2057 1009 6424.)

575 1022 683 1053 6505.
704 1043 741 1046 -
759 1025 881 1055 Bened.
899 1025 963 1054 XII
978 1024 1090 1054 littera
1106 1032 1171 1063 qua
1187 1024 1342 1054 nuntium
1361 1023 1465 1054 mittit
1480 1023 1751 1054 Bononiensibus
1768 1032 1826 1061 pro
1841 1031 1957 1053 eorum
1974 1024 2120 1052 reconci-

530 1078 680 1108 liatione.
699 1078 798 1117 (Arm.
814 1077 884 1113 XV,
903 1086 992 1116 caps.
1011 1086 1056 1114 1v‚
1072 1086 1103 1107 n.
1124 1079 1156 1112 33
1175 1077 1216 1107 cf.
1235 1085 1267 1106 n.
1284 1077 1389 1114 6425.)

574 1128 682 1158 6506.
706 1148 743 1152 -—
760 1130 884 1160 Bened.
901 1130 965 1160 XII
982 1130 1075 1160 bulla
1090 1130 1131 1160 ad
1144 1131 1306 1160 rectorem
1323 1130 1503 1168 provinciae
1520 1129 1750 1160 Romandiolae
1769 1129 1808 1159 (le
1823 1129 2014 1167 recipiendo
2026 1128 2117 1166 jura-

529 1185 641 1214 mento
668 1184 840 1214 fidelitatis
868 1192 885 1213 a
908 1183 1178 1214 Bononiensibus
1208 1191 1244 1213 ac
1267 1183 1306 1213 de
1334 1183 1495 1213 electione
1526 1182 1690 1221 capitanei
1719 1183 1750 1212 et
1778 1181 1956 1220 potestatis
1986 1190 2112 1212 eorum.

530 1237 580 1275 (A.
602 1237 641 1267 A.
662 1237 755 1267 Instr.
770 1247 776 1273 ς
794 1236 833 1266 cf.
851 1245 882 1266 n.
905 1236 1012 1274 6428.)

573 1287 684 1318 6507.
709 1308 743 1311 -
762 1290 885 1320 Bened.
904 1290 968 1319 XII
984 1289 1126 1328 epistola
1141 1289 1181 1319 ad
1202 1289 1365 1319 Joannem
1389 1289 1428 1318 (le
1445 1288 1589 1322 Amelio,
1607 1288 1685 1317 cler.
1704 1288 1862 1323 Gamerae,
1884 1288 1920 1317 ut
1936 1287 2117 1317 transcribi

528 1343 626 1373 faciat
644 1343 820 1381 privilegia
836 1344 868 1373 et
885 1343 1069 1381 diplomata
1091 1342 1122 1372 S.
1142 1343 1182 1373 R.
1202 1342 1238 1372 E.
1261 1350 1333 1380 quae
1352 1341 1572 1371 adservantur
1589 1341 1622 1370 in
1639 1341 1786 1370 archivio
1803 1342 1835 1371 et
1849 1340 2007 1371 thesauro
2030 1341 2118 1379 ejus-

528 1397 604 1426 dem
623 1397 661 1427 R.
681 1397 716 1426 E.
737 1396 770 1425 in
788 1395 943 1426 sacristia
957 1395 1098 1426 fratrum
1113 1395 1280 1425 minorum
1294 1394 1459 1424 Assissin.
1477 1394 1576 1433 (Arm.
1592 1393 1683 1431 XIII,
1703 1402 1791 1432 caps.
1808 1395 1838 1430 2,
1856 1402 1886 1423 n.
1906 1395 1941 1429 2;
1959 1393 2114 1429 'I'heiner,

531 1448 604 1479 Cod.
623 1448 714 1488 dipl„
733 1449 774 1485 II,
794 1458 825 1487 p.
845 1449 912 1486 52.)

573 1499 682 1530 6508.
702 1519 739 1523 -
757 1502 923 1541 Rogerius
939 1502 978 1531 de
995 1502 1170 1535 Vintrono,
1190 1501 1380 1540 Campanae
1400 1501 1644 1539 Maritimaeque
1662 1509 1698 1530 ac
1713 1499 1896 1530 Beneventi
1916 1501 2022 1529 rector
2039 1508 2115 1529 con-

528 1556 640 1586 fitetur
660 1564 694 1585 se
718 1555 885 1594 recepisse
902 1555 1071 1593 stipendia
1087 1563 1148 1584 sua
1162 1563 1180 1584 a
1195 1554 1342 1584 thesaur.
1365 1554 1609 1584 Beneventano.
1625 1553 1678 1592 (A.
1697 1553 1734 1582 A.
1755 1552 1865 1589 lustr.)

572 1605 590 1623 V
618 1606 726 1636 6509.
748 1626 782 1630 -
800 1608 959 1638 Instrum.
982 1607 1121 1637 membr.
1140 1607 1287 1637 authent.
1306 1608 1454 1637 actorum
1469 1615 1487 1636 a
1502 1606 1653 1636 Guidone
1670 1606 1709 1636 de
1726 1614 1751 1635 s.
1769 1606 1947 1642 Germano,
1965 1606 2082 1636 nuntio
2098 1615 2115 1635 a

527 1662 650 1693 Bened.
668 1662 735 1692 XII
752 1662 937 1691 Bononiam
961 1661 1066 1690 misso
1085 1661 1125 1690 ad
1151 1659 1352 1699 publicanda
1368 1660 1565 1689 concordata
1583 1668 1657 1689 cum
1680 1659 1763 1689 Sede
1785 1659 1901 1696 Apost.
1922 1660 1953 1688 et
1971 1659 2116 1688 oratori-

527 1714 590 1745 bus
605 1715 704 1753 hujus
728 1714 887 1749 civitatis,
907 1714 995 1743 circa
1011 1713 1318 1743 reconciliationem
1337 1713 1498 1751 ejusdem.
1524 1712 1675 1750 Populus
1698 1711 1880 1741 Bononien.
1901 1713 1933 1741 et
1950 1711 2114 1741 Thadaeus

527 1769 567 1798 de
584 1768 735 1806 Pepulis,
754 1769 861 1797 rector
879 1768 1060 1805 perpetuus
1086 1767 1181 1796 dictae
1206 1765 1353 1796 civitatis
1371 1774 1435 1795 non
1458 1765 1683 1803 permiserunt
1702 1764 1963 1803 publicationem
1983 1764 2115 1794 littera-

527 1830 601 1851 rum
630 1821 753 1851 Bened.
778 1820 855 1854 XII,
884 1820 949 1849 nisi
975 1820 1237 1849 reformarentur
1266 1819 1299 1848 in
1325 1819 1452 1848 eisdem
1476 1818 1612 1856 quidam
1637 1817 1774 1856 capituli
1794 1827 1799 1845 z
1818 1817 1974 1847 videlicet
2000 1817 2055 1846 ille
2082 1817 2115 1846 in

528 1883 593 1913 quo
616 1874 808 1912 praecipitur
834 1874 869 1903 ut
892 1873 920 1902 si
937 1881 1053 1903 omnes
1074 1872 1301 1902 ordinationes
1321 1872 1353 1901 in
1373 1871 1471 1901 dictis
1490 1871 1612 1901 litter1s
1634 1872 1793 1900 contentae
1818 1878 1882 1900 non
1899 1869 2116 1899 observaren-

526 1929 593 1963 tur,
611 1927 696 1966 quod
722 1926 953 1957 Bononienses
970 1926 1192 1956 reinciderent
1218 1925 1251 1954 in
1271 1925 1437 1960 censuris3
1457 1926 1616 1962 praeterea
1633 1924 1721 1962 quod
1738 1923 1868 1953 banniti
1886 1923 2115 1960 reciperentur

527 1981 561 2010 in
578 1980 724 2010 civitate.
746 1980 868 2010 Dicunt
893 1979 981 2009 enim
1000 1979 1230 2009 Bononienses
1251 1978 1344 2016 quod
1362 1978 1441 2007 dicti
1461 1977 1589 2007 banniti
1613 1976 1718 2006 multa
1736 1976 1826 2006 mala
1845 1976 1966 2005 facient
1982 1975 2115 2005 civibus

528 2034 557 2064 si
573 2034 792 2067 revertantur,
808 2034 868 2063 ete.
888 2033 987 2067 (Arm.
1006 2031 1076 2068 XV,
1097 2040 1122 2062 c⁴
1145 2040 1190 2068 1v,
1211 2040 1241 2061 n.
1265 2031 1310 2069 3.)

1261 2366 1385 2417 ΙΙΙ

728 2492 935 2524 Documenta
955 2501 1030 2535 qzcae
1046 2489 1082 2522 in
1103 2491 1240 2533 Reqesco
1260 2487 1483 2522 Avenionensz'
1497 2488 1567 2525 LII,
1583 2498 1640 2520 seu
1661 2485 1832 2519 Benedicti
1845 2487 1916 2518 XII

1084 2547 1169 2580 anm·
1180 2546 1294 2590 quarti
1307 2551 1552 2590 pervaqantur.

570 2720 679 2751 6510.
699 2740 736 2745 —
754 2722 945 2757 Quaternus
970 2721 1085 2751 decem
1112 2719 1272 2750 foliorum
1290 2719 1437 2758 quinque
1464 2718 1595 2748 litteras
1621 2717 1795 2748 continens
1812 2716 1880 2746 fere
1899 2715 2108 2749 obliteratas,

527 2785 599 2816 quae
623 2776 749 2814 absque
766 2775 867 2805 dubio
887 2775 1018 2813 regesto
1041 2773 1119 2803 anni
1145 2773 1255 2812 quarti
1281 2771 1470 2803 Clementis
1496 2771 1534 2801 P.
1557 2770 1596 2801 P.
1619 2770 1664 2800 VI
1681 2769 1814 2800 restitui
1839 2768 1970 2799 debent.
1993 2767 2042 2804 (A.
2060 2768 2110 2802 52,

528 2838 546 2860 a
562 2829 584 2859 f.
600 2830 658 2860 250
674 2828 715 2859 ad
731 2828 754 2858 f.
775 2829 859 2865 259.)

571 2880 680 2911 6511.
698 2900 730 2904 —
753 2881 996 2912 Attestationes
1012 2879 1151 2910 testium
1164 2879 1403 2917 productorum
1418 2877 1455 2907 in
1467 2885 1566 2907 causa
1581 2884 1640 2915 per
1655 2875 1729 2906 Sed.
1746 2875 1808 2913 Ap.
1820 2873 2001 2905 Guillelmo
2017 2872 2113 2902 Lom-

526 2935 633 2972 bardi,
650 2944 722 2966 can.
738 2934 966 2973 Mirapiscen„
996 2933 1032 2963 L.
1052 2933 1105 2969 D.‚
1126 2931 1308 2962 commissa
1322 2932 1441 2961 contra
1457 2928 1677 2959 Laurentium
1695 2926 1859 2962 Burhatii‚
1878 2925 1956 2956 cler.
1974 2925 2112 2955 Floren-
