2376 3334
212 236 270 265 280
352 233 508 265 BENED.
530 234 596 265 XII
618 253 653 256 —
679 233 891 268 INDULTA,
916 233 1288 266 DISPENSATIONES
1312 235 1366 265 ET
1389 234 1659 265 PRIVILEGIA.
1683 251 1720 255 —
1743 234 1853 264 ANNI
1876 234 1921 264 VI
1945 234 2064 273 (1340)

242 323 340 348 Datum
362 318 541 350 Arenione.

295 530 306 554 1
328 529 408 562 (11111.)
428 537 492 562 ang).

262 740 290 765 [Ι
311 748 332 764 S.
354 754 381 757 —
397 739 425 764 T.
445 739 522 766 LXX.

261 898 519 923 t'ts.-'1‘.1.xx.

331 1110 364 1135 18
385 1118 449 1143 (1²¹5)-

274 1153 325 1187 (xv
340 1154 395 1179 kal.
416 1156 500 1189 sept.)

348 1322 380 1348 Ut
401 1330 422 1347 5.

255 1480 512 1516 6(x‘111iil.)sept.

331 1525 360 1551 T.
379 1526 433 1551 XX.

267 1851 284 1874 ,(1
304 1852 331 1883 (v
353 1850 402 1885 id.)
423 1856 492 1886 sept.

316 2009 354 2035 20
370 2014 436 2043 sept.

269 2056 322 2085 (xii
342 2053 398 2080 kal.
417 2054 487 2088 oct.)

318 2114 357 2140 :22
369 2119 436 2148 sept.

284 2162 313 2191 (x
329 2159 384 2184 kal.
400 2162 469 2189 oct.)

257 2272 292 2298 10
314 2273 355 2305 (vi
377 2272 426 2306 id.)
446 2277 498 2300 orl.

316 2317 345 2341 T.
369 2317 436 2342 xlv.

262 2430 296 2456 12
313 2435 353 2463 (1v
373 2430 422 2462 id.)
442 2435 492 2458 oct.

274 2475 318 2500 Gr.
334 2483 383 2508 pro
400 2476 476 2501 card.

222 2639 259 2666 44
276 2641 308 2674 (11
325 2640 376 2672 id.)
391 2644 461 2669 oct-2
481 2642 527 2668 Gr.

282 2851 317 2878 15
337 2851 399 2886 (id.)
415 2854 465 2878 oct.

634 421 891 450 Poenitmitiaria¹
919 422 1038 458 apost,
1067 422 1122 459 qui
1151 422 1276 451 dudum
1306 421 1417 450 officio
1443 429 1504 450 suo
1528 420 1591 449 fuit
1609 422 1715 458 apost.
1738 422 1823 450 auct.
1844 421 2006 459 privatus.
2024 421 2115 451 —In
2133 430 2161 451 e.
2180 430 2224 451 111.

633 473 827 507 1111110011110,
846 482 921 511 epo
942 473 1105 503 Albanen.
1125 475 1177 513 (A.
1198 476 1247 509 54,
1265 474 1287 504 f.
1305 476 1362 503 293
1380 480 1428 508 νο,
1457 473 1488 502 V.
1510 475 1577 507 128,
1594 482 1624 502 11.
1643 474 1725 512 278.)

678 525 687 534 ”
703 523 812 553 8123.
839 543 874 545 —
896 526 1058 561 l'asimiro,
1080 527 1144 565 req}
1168 526 1318 562 Poloniae,
1337 528 1368 556 et
1392 527 1464 564 ejus
1484 525 1684 564 sequacibus
1701 525 1894 555 conceditur
1914 525 2133 564 indulgentia,
2151 534 2224 564 quae

634 579 806 608 coum—vit
823 578 957 607 concedi
976 578 1227 617 Crucesignatis
1246 580 1356 609 Terrzr
1374 581 1508 612 sanctae,
1528 580 1641 608 contra
1658 579 1818 608 Tartaros
1835 578 1993 608 invadere
2008 586 2147 617 regnum
2162 578 2224 608 Po-

633 631 731 660 loniw
749 631 909 660 volentes.
930 631 981 669 (A.
999 633 1048 665 54,
1072 631 1093 660 f.
1111 633 1184 667 2733
1208 631 1240 660 V.
1262 633 1328 663 128,
1348 641 1378 661 11.
1397 634 1472 667 239,
1486 630 1666 669 Rssynaldi,
1687 640 1738 661 an.
1757 632 1845 667 1340,
1863 640 1894 660 n.
1915 640 2046 666 Lxxwl,
2066 631 2224 668 Theiner,

633 683 766 712 Manum.
787 683 902 722 Hunq..
924 684 948 719 Ι,
969 693 1000 722 p.
1023 684 1108 722 637.)

676 732 784 762 8124.
804 753 841 756 —
858 735 908 764 Ad
923 735 985 774 fue.
1005 737 1048 765 rei
1073 746 1156 766 mem.
1180 738 1361 767 Concessio
1384 737 1634 775 pnndicationis
1656 737 1774 766 Crucis
1792 737 1826 766 in
1852 737 2013 772 Poloniae,
2042 736 2224 775 Hungariae

632 790 661 817 et
686 788 851 818 Holiemiae
882 789 1005 827 regnis,
1032 789 1195 820 adversus
1225 790 1382 828 praefatos
1409 791 1581 825 Tartaros,
1612 798 1687 819 cum
1707 789 1939 828 indulgentiis.
1961 789 2015 828 (A.
2034 791 2083 826 54,
2106 790 2128 819 f.
2144 791 2222 825 2733

638 840 669 869 V.
688 842 754 876 128,
772 850 802 870 n.
820 843 902 876 240.)

675 891 784 921 8125.
803 912 840 916 -
858 895 1025 934 Archiep.o
1049 895 1213 931 Gnemzew,
1238 901 1264 925 ct
1287 896 1478 931 Fracoviem,
1496 906 1530 925 nc
1560 895 1785 925 Wracislavien.
1807 896 1880 935 epa',
1902 896 2014 926 mand.
2033 897 2069 926 ut
2089 895 2223 934 signum

629 947 757 983 (Ii-uris,
789 948 872 977 illud
901 948 1019 978 devote
1046 958 1219 979 assumere
1245 949 1429 979 volentium
1457 949 1607 979 humeris
1635 949 1785 988 affigant,
1814 951 1846 979 et
1874 949 1908 978 in
1934 948 2085 987 praefatis
2110 948 2222 987 regnis

629 1002 829 1038 proponant,
850 1010 887 1030 ac
908 1001 1135 1040 indulgentias
1152 1002 1333 1040 publicent.
1353 1003 1404 1040 (A.
1424 1004 1473 1039 54,
1491 1002 1512 1032 f.
1528 1004 1603 1037 274;
1630 1002 1662 1031 V.
1683 1003 1750 1039 128,
1768 1011 1799 1032 n.
1819 1003 1892 1037 2413
1914 1001 2070 1038 Theiner,
2088 1001 2221 1031 Menum.

631 1052 731 1092 Huny.
753 1054 777 1089 Ι,
796 1063 826 1092 p.
846 1055 929 1087 638.)

675 1104 784 1134 8126.
811 1125 841 1129 ——
858 1107 978 1136 Hectori
999 1106 1127 1136 Pam-im.
1146 1107 1172 1136 Ι).
1190 1107 1274 1136 Petri
1293 1108 1324 1136 in
1346 1108 1464 1145 Tuscia,
1486 1108 1678 1138 conceditur
1692 1110 1728 1138 ut
1746 1108 1893 1146 recipere
1910 1109 1942 1137 et
1959 1107 2098 1138 definire
2115 1107 2223 1145 possit

631 1160 874 1197 appellationes
898 1160 1022 1190 rivium
1049 1161 1287 1195 Beneventan.‚
1315 1160 1438 1199 quibus
1455 1170 1473 1191 a
1492 1161 1584 1191 curia
1608 1161 1749 1191 rectoris
1768 1160 1915 1191 civitatis
1931 1160 2096 1199 praedictae
2112 1159 2222 1189 solum

630 1213 670 1242 ad
685 1212 759 1242 Sed.
779 1214 909 1251 Apost.,
929 1215 1042 1252 (quam
1063 1214 1217 1243 nonnulli
1246 1214 1338 1244 adire
1363 1215 1547 1253 nequeunt)
1563 1214 1640 1245 licet
1659 1214 1841 1253 appellare.
1868 1214 1919 1251 (A.
1936 1215 1987 1248 54,
2006 1213 2028 1243 f.
2047 1215 2084 1242 14
2101 1213 2220 1252 (rub.),·

636 1264 668 1294 V.
686 1266 754 1300 128,
768 1274 799 1295 n.
814 1267 898 1300 329.)

672 1315 781 1346 8127.
801 1336 837 1340 —
854 1319 1001 1349 Heni-ico
1017 1320 1056 1350 de
1073 1320 1264 1355 Tremonia,
1284 1321 1320 1350 L.
1339 1321 1392 1356 D„
1413 1321 1587 1350 Colonien.
1604 1321 1662 1355 di.,
1680 1320 1865 1350 recedendo
1882 1329 1900 1350 a
1913 1320 2016 1350 Curia
2029 1321 2061 1350 et
2080 1320 2120 1349 ad
2135 1328 2222 1350 eam-

628 1371 703 1401 dem
721 1372 890 1402 redeundo
908 1373 1101 1402 conceditur
1118 1381 1257 1402 securus
1273 1373 1468 1404 conductus.
1484 1374 1535 1412 (A.
1549 1375 1598 1410 54,
1619 1373 1640 1404 f.
1658 1375 1695 1403 12
1708 1373 1830 1412 (rub.);
1854 1373 1889 1402 V.
1904 1374 1972 1409 128,
1986 1381 2018 1402 n.
2030 1374 2106 1408 2443
2125 1373 2222 1403 Riez-

627 1424 688 1459 ler,
709 1433 739 1454 n.
760 1426 863 1463 2078.)

671 1475 779 1505 8128.
802 1495 838 1499 —
855 1478 1024 1517 Archiepc
1040 1478 1245 1517 Scriqonien„
1260 1479 1371 1509 mand.
1385 1481 1421 1509 ut
1438 1479 1562 1517 praevia
1577 1478 1827 1514 informatione,
1840 1478 1997 1508 ministro
2014 1479 2045 1508 et
2058 1478 2220 1509 fratribus

626 1530 709 1559 Min.
732 1531 823 1569 regni
841 1531 1019 1570 Hungariae
1036 1532 1208 1562 licentiam
1227 1532 1385 1562 concedat
1401 1532 1585 1570 recipiendi
1600 1532 1711 1562 locum
1725 1531 1811 1570 ipsis
1829 1540 1889 1570 per
1906 1531 2084 1562 Nicolaum
2101 1532 2140 1562 de
2157 1532 2220 1562 Pu-

626 1583 689 1612 rin.
710 1584 798 1613 dom.
817 1584 915 1614 villae
933 1584 971 1614 de
989 1585 1021 1614 S
1043 1585 1159 1621 Cruce,
1176 1585 1312 1623 Agrien.
1331 1585 1389 1621 di.,
1409 1586 1443 1615 in
1460 1585 1575 1615 eadem
1595 1585 1685 1615 Villa
1701 1584 1862 1620 oblatum,
1884 1584 1918 1614 in
1935 1593 2000 1622 quo
2018 1593 2119 1614 unam
2138 1585 2216 1616 eccl.

624 1636 814 1669 aedificavit,
833 1639 863 1667 ei
881 1637 1117 1667 dormitorium
1136 1639 1330 1668 construere
1349 1638 1444 1668 facit:
1461 1640 1588 1668 attento
1606 1638 1694 1676 quod
1711 1638 1744 1667 in
1764 1638 1879 1667 eadem
1897 1637 1991 1673 villa,
2012 1640 2044 1667 in
2061 1647 2126 1676 qua
2141 1640 2218 1669 sunt

626 1690 824 1719 5001101111ῑο
842 1700 856 1719 11
874 1692 904 1719 et
921 1692 1012 1720 1.000
1030 1691 1169 1720 vassalli
1190 1700 1254 1721 non
1275 1693 1352 1721 sunt
1373 1691 1524 1729 religiosi
1544 1691 1596 1721 vel
1614 1691 1805 1721 sacerdotes
1827 1691 1884 1729 qui
1904 1691 2012 1721 sciant
2036 1691 2218 1729 praedicare

625 1742 764 1772 verbum
784 1743 856 1773 Dei.
878 1744 928 1781 (A.
949 1745 998 1779 54,
1020 1744 1040 1773 s⁴
1059 1746 1129 1778 1213
1158 1744 1191 1773 1⁷.
1215 1746 1279 1780 128,
1299 1753 1330 1773 n.
1350 1746 1421 1779 1073
1445 1745 1600 1775 Γ[11011101.
1618 1745 1752 1774 Menum.
1772 1743 1887 1783 Huny„
1907 1744 1933 1780 I,
1953 1753 1985 1782 p.
2003 1746 2078 1779 6403
2098 1745 2216 1780 Eubel,

625 1794 706 1823 Ball.
728 1795 884 1825 Francisv.
904 1797 962 1832 VI,
984 1806 1015 1827 n.
1036 1797 1117 1835 128.)

668 1845 777 1875 8128.
799 1849 928 1888 -Μαῃ,
945 1849 1119 1878 Gan-annus
1132 1850 1168 1879 de
1186 1850 1287 1886 Vicus,
1303 1850 1477 1889 jurisper,
1497 1850 1615 1888 Apten.
1636 1850 1695 1886 di.,
1714 1850 1894 1888 deputatur
1913 1850 1954 1880 ad
1972 1859 2096 1880 annum
2111 1851 2216 1890 Judex

623 1901 723 1931 curiae
741 1902 931 1932 Marescalli
961 1903 1038 1937 PP..
1066 1905 1135 1932 tam
1164 1903 1197 1932 111
1217 1904 1329 1933 causis
1347 1903 1505 1933 civilibus
1529 1912 1628 1942 quam
1659 1903 1906 1933 criminalibus.
1935 1903 1987 1941 (V.
2017 1905 2085 1940 135,
2110 1904 2132 1934 f.
2165 1906 2215 1941 69,

623 1963 653 1984 n.
677 1956 747 1989 175:
766 1955 921 1990 Daumet,
940 1964 971 1985 n.
991 1955 1076 1994 779.)

665 2004 774 2034 8130.
806 2027 842 2030 —-
867 2008 1043 2038 Ilm-nardus
1071 2007 1268 2048 Cavalyonis,
1302 2010 1544 2048 Appamiarum
1572 2009 1631 2046 di.,
1662 2010 1698 2039 fit
1730 2009 1813 2039 P.P.
1846 2009 1998 2040 serviens
2031 2019 2213 2042 armorum.

621 2059 673 2099 (V.
696 2062 763 2095 135,
785 2061 806 2090 f.
824 2063 871 2093 72.
888 2071 919 2092 11.
942 2062 1025 2098 185.)

664 2110 773 2140 8131.
796 2130 831 2133 -
852 2113 959 2142 Petrus
976 2113 1108 2149 Berlini,
1128 2115 1313 2152 praecentor
1328 2115 1407 2144 eccl.
1425 2123 1450 2145 s.
1470 2115 1594 2145 Felicis
1610 2115 1816 2151 Gerunden.‚
1833 2116 2051 2146 confirmatur
2070 2125 2131 2155 pro
2148 2116 2214 2147 alio

619 2174 704 2195 anno
724 2166 756 2195 in
776 2167 829 2196 off.
858 2167 1051 2204 receptoriae
1076 2167 1382 2197 emolumentorum
1407 2168 1507 2198 curiae
1533 2168 1725 2198 Marescalli
1751 2169 1788 2198 P.
1814 2169 1851 2199 P.
1881 2168 1932 2208 (V.
1963 2170 2032 2206 135,
2061 2169 2082 2200 f.
2106 2171 2145 2199 72
2168 2174 2213 2204 νο,

618 2227 649 2249 11,
674 2220 754 2251 187.)

663 2269 772 2300 8132.
795 2290 830 2293 —
855 2272 984 2301 Roberto
1004 2273 1039 2301 cle
1058 2272 1196 2307 Hivonia,
1223 2273 1319 2303 fratri
1337 2274 1527 2312 Hospitalis
1546 2282 1572 2304 s.
1590 2274 1731 2304 Joannis
1749 2274 2065 2314 Hierosolymitani,
2084 2275 2211 2315 indulg.

618 2325 653 2354 ut
672 2334 746 2354 cum
769 2325 899 2355 duobus
923 2326 1025 2355 sociis
1043 2326 1152 2364 possit
1169 2326 1391 2365 Sepulchrum
1410 2327 1626 2357 Dominicum
1649 2329 1681 2358 et
1699 2327 1766 2358 alia
1784 2328 1929 2358 oratoria
1951 2328 2061 2359 Terrae
2086 2329 2213 2360 Sanctae

617 2377 766 2407 visitare.
788 2379 839 2416 (A.
860 2379 908 2413 54,
928 2378 949 2407 f.
967 2380 1041 2409 3122
1070 2378 1099 2407 V.
1120 2380 1186 2414 128,
1208 2388 1237 2408 11.
1257 2379 1343 2416 318.)

661 2427 770 2458 3133.
791 2447 828 2451 —-
850 2431 950 2466 Petro,
969 2441 1039 2471 epp
1056 2432 1218 2469 sabinen„
1237 2433 1387 2471 dispens.
1407 2434 1443 2463 111
1457 2433 1536 2463 0001.
1557 2442 1584 2463 5.
1603 2433 1767 2464 Praxedis
1783 2442 1819 2464 ac
1836 2434 1921 2464 alias
1938 2435 2033 2471 eccl,
2053 2437 2211 2470 monast„

617 2482 808 2519 decanatus,
836 2484 1139 2521 archidiaconatus,
1160 2487 1191 2515 et
1218 2485 1285 2515 alia
1303 2485 1412 2515 benef.
1443 2495 1516 2525 quae
1539 2488 1690 2525 tempore
1717 2487 1940 2525 promotionis
1967 2495 2036 2517 suae
2063 2488 2104 2517 ad
2132 2488 2210 2518 eccl.

616 2535 788 2572 Sabinen„
813 2545 872 2575 per
892 2537 973 2567 obit.
1001 2537 1135 2567 Mathaei
1153 2547 1238 2574 vac.,
1263 2538 1435 2569 obtinebat
1462 2539 1607 2569 retinere
1630 2540 1751 2570 valeat.
1771 2540 1824 2578 (A.
1853 2541 1902 2577 54,
1932 2540 1953 2570 f.
1982 2541 2054 2576 1263
2089 2540 2120 2572 V.
2144 2541 2210 2578 128,

615 2596 647 2618 n.
670 2591 737 2623 114,
756 2590 839 2626 336.)

659 2638 769 2670 8131.
789 2658 827 2663 -
846 2642 949 2678 Petro,
966 2652 1032 2682 εμο
1050 2643 1209 2679 δἀὂὶηεη.,
1229 2644 1422 2674 conceditur
1436 2646 1472 2675 ut
1491 2644 1603 2675 clerici
1621 2645 1732 2684 ipsius
1749 2645 1937 2677 familiares
1955 2648 1987 2677 et
2004 2656 2211 2678 commensa-

614 2693 675 2730 les,
694 2696 877 2732 praesentes
904 2696 936 2725 et
956 2695 1072 2729 futuri,
1094 2696 1255 2734 quamdiu
1273 2696 1446 2735 obsequiis
1471 2697 1543 2736 ejus
1566 2698 1765 2735 institerint,
1792 2699 1922 2730 fructus
1939 2699 2048 2730 benef.
2070 2709 2209 2731 suorum

614 2746 647 2776 in
665 2746 818 2777 absentia
835 2748 1006 2786 percipere
1026 2748 1172 2784 valeant,
1192 2749 1373 2779 dummodo
1390 2749 1465 2788 ipsa
1482 2749 1644 2781 beneficia
1666 2751 1791 2781 debitis
1811 2761 1877 2782 non
1898 2752 2096 2783 fraudentur
2112 2753 2208 2784 obse—

614 2800 704 2838 quiis
724 2801 754 2829 et
773 2809 851 2830 cura
866 2800 900 2830 in
920 2801 968 2830 eis
986 2801 1174 2831 animarum
1191 2802 1385 2832 nullatenus
1402 2802 1601 2842 negligatur.
1622 2803 1672 2841 (A.
1688 2805 1739 2840 54,
1760 2804 1781 2834 f.
1798 2806 1871 2840 316,-
1896 2805 1928 2836 V.
1949 2807 2016 2842 128,
2035 2815 2067 2836 n.
2084 2807 2168 2845 364.)

658 2849 766 2880 8135.
790 2871 827 2874 -
847 2852 968 2887 Eidem,
987 2855 1021 2883 ut
1038 2854 1126 2884 dicta
1143 2855 1314 2885 concessio
1333 2854 1475 2885 liberius
1492 2857 1522 2886 et
1539 2857 1750 2887 commodius
1767 2858 1928 2888 sortiatur
1947 2859 2112 2896 effectum,
2130 2868 2206 2890 con-

613 2905 741 2936 ceditur
755 2907 789 2935 ut
805 2914 863 2944 per
878 2915 912 2936 se
929 2907 981 2936 vel
1000 2906 1085 2937 alios
1103 2907 1230 2937 eisdem
1252 2907 1383 2937 clericis
1401 2908 1559 2946 praefatos
1576 2909 1706 2940 fructus
1722 2910 1912 2941 ministrari
1929 2911 2050 2947 facere,
2068 2921 2126 2943 nec
2140 2920 2204 2943 non
