<?xml version="1.0" encoding="UTF-8"?>
<!DOCTYPE html PUBLIC "-//W3C//DTD XHTML 1.0 Transitional//EN"
    "http://www.w3.org/TR/xhtml1/DTD/xhtml1-transitional.dtd">
<html xmlns="http://www.w3.org/1999/xhtml" xml:lang="en" lang="en">
 <head>
  <title>
</title>
<meta http-equiv="Content-Type" content="text/html;charset=utf-8" />
  <meta name='ocr-system' content='tesseract 3.04.00' />
  <meta name='ocr-capabilities' content='ocr_page ocr_carea ocr_par ocr_line ocrx_word'/>
</head>
<body>
  <div class='ocr_page' id='page_1' title='image "benotxii13341302cathuoft_0403.png"; bbox 0 0 2376 3334; ppageno 0'>
   <div class='ocr_carea' id='block_1_1' title="bbox 88 194 2089 251">
    <p class='ocr_par' dir='ltr' id='par_1_1' title="bbox 88 194 2089 251">
     <span class='ocr_line' id='line_1_1' title="bbox 88 194 2089 251; baseline -0.014 -1"><span class='ocrx_word' id='word_1_1' title='bbox 88 218 245 251; x_wconf 81' lang='lat' dir='ltr'>BENED.</span> <span class='ocrx_word' id='word_1_2' title='bbox 264 215 328 246; x_wconf 86' lang='lat' dir='ltr'>XII</span> <span class='ocrx_word' id='word_1_3' title='bbox 344 232 382 236; x_wconf 95' lang='lat'><em>-</em></span> <span class='ocrx_word' id='word_1_4' title='bbox 399 210 604 243; x_wconf 81' lang='lat' dir='ltr'>LITTERAE</span> <span class='ocrx_word' id='word_1_5' title='bbox 627 206 878 241; x_wconf 79' lang='lat' dir='ltr'>COMMUNES,</span> <span class='ocrx_word' id='word_1_6' title='bbox 899 205 979 234; x_wconf 72' lang='lat' dir='ltr'>SEU</span> <span class='ocrx_word' id='word_1_7' title='bbox 1003 201 1292 234; x_wconf 73' lang='lat' dir='ltr'>DIVERSARUM</span> <span class='ocrx_word' id='word_1_8' title='bbox 1316 198 1578 230; x_wconf 74' lang='lat' dir='ltr'>FORMARUM.</span> <span class='ocrx_word' id='word_1_9' title='bbox 1596 214 1633 218; x_wconf 90' lang='lat'>—</span> <span class='ocrx_word' id='word_1_10' title='bbox 1649 195 1758 226; x_wconf 90' lang='lat' dir='ltr'>ANNI</span> <span class='ocrx_word' id='word_1_11' title='bbox 1780 195 1843 224; x_wconf 84' lang='lat' dir='ltr'>VH</span> <span class='ocrx_word' id='word_1_12' title='bbox 1865 194 1988 233; x_wconf 82' lang='lat'>(1341)</span> <span class='ocrx_word' id='word_1_13' title='bbox 2036 195 2089 224; x_wconf 88' lang='lat'>391</span> 
     </span>
    </p>
   </div>
   <div class='ocr_carea' id='block_1_2' title="bbox 123 299 423 335">
    <p class='ocr_par' dir='ltr' id='par_1_2' title="bbox 123 299 423 335">
     <span class='ocr_line' id='line_1_2' title="bbox 123 299 423 335; baseline -0.017 0"><span class='ocrx_word' id='word_1_14' title='bbox 123 310 223 335; x_wconf 79' lang='lat' dir='ltr'>Datum</span> <span class='ocrx_word' id='word_1_15' title='bbox 242 299 423 334; x_wconf 78' lang='lat' dir='ltr'>Avenione.</span> 
     </span>
    </p>
   </div>
   <div class='ocr_carea' id='block_1_3' title="bbox 172 827 378 899">
    <p class='ocr_par' dir='ltr' id='par_1_3' title="bbox 172 827 378 899">
     <span class='ocr_line' id='line_1_3' title="bbox 172 827 378 863; baseline -0.015 -8"><span class='ocrx_word' id='word_1_16' title='bbox 172 829 189 855; x_wconf 84' lang='lat'>5</span> <span class='ocrx_word' id='word_1_17' title='bbox 208 829 300 863; x_wconf 84' lang='lat' dir='ltr'>(non.)</span> <span class='ocrx_word' id='word_1_18' title='bbox 321 827 378 853; x_wconf 60' lang='lat' dir='ltr'>(lev.</span> 
     </span>
     <span class='ocr_line' id='line_1_4' title="bbox 210 873 341 899; baseline -0.008 0"><span class='ocrx_word' id='word_1_19' title='bbox 210 874 240 899; x_wconf 88' lang='lat' dir='ltr'>T.</span> <span class='ocrx_word' id='word_1_20' title='bbox 262 873 341 898; x_wconf 76' lang='lat' dir='ltr'>XXX.</span> 
     </span>
    </p>
   </div>
   <div class='ocr_carea' id='block_1_4' title="bbox 167 1357 398 1429">
    <p class='ocr_par' dir='ltr' id='par_1_4' title="bbox 167 1357 398 1429">
     <span class='ocr_line' id='line_1_5' title="bbox 167 1357 398 1393; baseline -0.017 -7"><span class='ocrx_word' id='word_1_21' title='bbox 167 1359 203 1386; x_wconf 72' lang='lat'>12</span> <span class='ocrx_word' id='word_1_22' title='bbox 218 1362 250 1393; x_wconf 93' lang='lat'>(11</span> <span class='ocrx_word' id='word_1_23' title='bbox 272 1357 322 1390; x_wconf 83' lang='lat' dir='ltr'>id.)</span> <span class='ocrx_word' id='word_1_24' title='bbox 342 1357 398 1383; x_wconf 70' lang='lat' dir='ltr'>(lec.</span> 
     </span>
     <span class='ocr_line' id='line_1_6' title="bbox 228 1402 330 1429; baseline 0 -1"><span class='ocrx_word' id='word_1_25' title='bbox 228 1403 258 1429; x_wconf 83' lang='lat' dir='ltr'>T.</span> <span class='ocrx_word' id='word_1_26' title='bbox 276 1402 330 1428; x_wconf 82' lang='lat' dir='ltr'>XV.</span> 
     </span>
    </p>
   </div>
   <div class='ocr_carea' id='block_1_5' title="bbox 176 1729 394 1851">
    <p class='ocr_par' dir='ltr' id='par_1_5' title="bbox 176 1729 394 1851">
     <span class='ocr_line' id='line_1_7' title="bbox 228 1729 337 1755; baseline 0 0"><span class='ocrx_word' id='word_1_27' title='bbox 228 1729 263 1755; x_wconf 80' lang='grc'>21</span> <span class='ocrx_word' id='word_1_28' title='bbox 280 1729 337 1755; x_wconf 63' lang='lat' dir='ltr'>(let).</span> 
     </span>
     <span class='ocr_line' id='line_1_8' title="bbox 176 1772 394 1808; baseline -0.014 -8"><span class='ocrx_word' id='word_1_29' title='bbox 176 1774 230 1808; x_wconf 84' lang='lat' dir='ltr'>(xu</span> <span class='ocrx_word' id='word_1_30' title='bbox 250 1774 307 1799; x_wconf 84' lang='lat' dir='ltr'>kal.</span> <span class='ocrx_word' id='word_1_31' title='bbox 323 1772 394 1807; x_wconf 78' lang='lat' dir='ltr'>J&#39;an.)</span> 
     </span>
     <span class='ocr_line' id='line_1_9' title="bbox 190 1818 382 1851; baseline -0.01 -7"><span class='ocrx_word' id='word_1_32' title='bbox 190 1819 234 1844; x_wconf 80' lang='lat' dir='ltr'>Gr.</span> <span class='ocrx_word' id='word_1_33' title='bbox 252 1826 301 1851; x_wconf 86' lang='lat' dir='ltr'>pro</span> <span class='ocrx_word' id='word_1_34' title='bbox 315 1818 382 1843; x_wconf 80' lang='lat' dir='ltr'>Deo.</span> 
     </span>
    </p>
   </div>
   <div class='ocr_carea' id='block_1_6' title="bbox 194 2201 386 2317">
    <p class='ocr_par' dir='ltr' id='par_1_6' title="bbox 194 2201 386 2317">
     <span class='ocr_line' id='line_1_10' title="bbox 234 2201 348 2229; baseline -0.009 0"><span class='ocrx_word' id='word_1_35' title='bbox 234 2203 269 2229; x_wconf 74' lang='lat'>31</span> <span class='ocrx_word' id='word_1_36' title='bbox 292 2201 348 2228; x_wconf 80' lang='lat' dir='ltr'>dec.</span> 
     </span>
     <span class='ocr_line' id='line_1_11' title="bbox 194 2245 386 2281; baseline -0.016 -8"><span class='ocrx_word' id='word_1_37' title='bbox 194 2249 225 2280; x_wconf 91' lang='lat'>(11</span> <span class='ocrx_word' id='word_1_38' title='bbox 243 2247 301 2273; x_wconf 84' lang='lat' dir='ltr'>kal.</span> <span class='ocrx_word' id='word_1_39' title='bbox 314 2245 386 2281; x_wconf 83' lang='lat' dir='ltr'>jan.)</span> 
     </span>
     <span class='ocr_line' id='line_1_12' title="bbox 236 2291 343 2317; baseline -0.009 0"><span class='ocrx_word' id='word_1_40' title='bbox 236 2291 266 2317; x_wconf 88' lang='lat' dir='ltr'>T.</span> <span class='ocrx_word' id='word_1_41' title='bbox 288 2291 343 2317; x_wconf 85' lang='lat' dir='ltr'>XX.</span> 
     </span>
    </p>
   </div>
   <div class='ocr_carea' id='block_1_7' title="bbox 108 2413 476 2451">
    <p class='ocr_par' dir='ltr' id='par_1_7' title="bbox 108 2413 476 2451">
     <span class='ocr_line' id='line_1_13' title="bbox 108 2413 476 2451; baseline -0.005 -9"><span class='ocrx_word' id='word_1_42' title='bbox 108 2415 128 2442; x_wconf 71' lang='lat'><strong><em>4</em></strong></span> <span class='ocrx_word' id='word_1_43' title='bbox 146 2415 178 2451; x_wconf 89' lang='lat'>(11</span> <span class='ocrx_word' id='word_1_44' title='bbox 203 2415 281 2448; x_wconf 90' lang='lat' dir='ltr'>non.)</span> <span class='ocrx_word' id='word_1_45' title='bbox 304 2414 364 2448; x_wconf 68' lang='lat' dir='ltr'>ian.</span> <span class='ocrx_word' id='word_1_46' title='bbox 389 2413 476 2440; x_wconf 69' lang='lat'>4342.</span> 
     </span>
    </p>
   </div>
   <div class='ocr_carea' id='block_1_8' title="bbox 191 2459 387 2493">
    <p class='ocr_par' dir='ltr' id='par_1_8' title="bbox 191 2459 387 2493">
     <span class='ocr_line' id='line_1_14' title="bbox 191 2459 387 2493; baseline -0.01 -7"><span class='ocrx_word' id='word_1_47' title='bbox 191 2460 235 2486; x_wconf 87' lang='lat' dir='ltr'>Gr.</span> <span class='ocrx_word' id='word_1_48' title='bbox 254 2466 304 2493; x_wconf 88' lang='lat' dir='ltr'>pro</span> <span class='ocrx_word' id='word_1_49' title='bbox 324 2459 387 2486; x_wconf 90' lang='lat' dir='ltr'>Deo.</span> 
     </span>
    </p>
   </div>
   <div class='ocr_carea' id='block_1_9' title="bbox 486 314 514 2911">
    <p class='ocr_par' dir='ltr' id='par_1_9' title="bbox 486 314 514 2911">
     <span class='ocr_line' id='line_1_15' title="bbox 486 314 514 2911; baseline 0 0"><span class='ocrx_word' id='word_1_50' title='bbox 486 314 514 2911; x_wconf 95' lang='lat' dir='ltr'> </span> 
     </span>
    </p>
   </div>
   <div class='ocr_carea' id='block_1_10' title="bbox 514 384 2123 2875">
    <p class='ocr_par' dir='ltr' id='par_1_10' title="bbox 514 384 2102 802">
     <span class='ocr_line' id='line_1_16' title="bbox 514 384 2094 438; baseline -0.01 -9"><span class='ocrx_word' id='word_1_51' title='bbox 514 401 606 438; x_wconf 88' lang='lat' dir='ltr'>parte</span> <span class='ocrx_word' id='word_1_52' title='bbox 624 397 718 427; x_wconf 59' lang='lat' dir='ltr'>dictae</span> <span class='ocrx_word' id='word_1_53' title='bbox 736 394 885 433; x_wconf 77' lang='lat' dir='ltr'>Agnetis,</span> <span class='ocrx_word' id='word_1_54' title='bbox 910 391 1118 430; x_wconf 85' lang='lat' dir='ltr'>excipiendo,</span> <span class='ocrx_word' id='word_1_55' title='bbox 1138 389 1347 428; x_wconf 86' lang='lat' dir='ltr'>propositum</span> <span class='ocrx_word' id='word_1_56' title='bbox 1368 388 1455 427; x_wconf 86' lang='lat' dir='ltr'>quod</span> <span class='ocrx_word' id='word_1_57' title='bbox 1471 388 1512 417; x_wconf 87' lang='lat' dir='ltr'>ad</span> <span class='ocrx_word' id='word_1_58' title='bbox 1528 388 1702 422; x_wconf 85' lang='lat' dir='ltr'>decanum,</span> <span class='ocrx_word' id='word_1_59' title='bbox 1723 385 1900 416; x_wconf 87' lang='lat' dir='ltr'>officialem</span> <span class='ocrx_word' id='word_1_60' title='bbox 1920 386 1951 414; x_wconf 86' lang='lat' dir='ltr'>et</span> <span class='ocrx_word' id='word_1_61' title='bbox 1971 393 2034 413; x_wconf 90' lang='lat' dir='ltr'>non</span> <span class='ocrx_word' id='word_1_62' title='bbox 2054 384 2094 414; x_wconf 89' lang='lat' dir='ltr'>ad</span> 
     </span>
     <span class='ocr_line' id='line_1_17' title="bbox 515 437 2098 489; baseline -0.009 -8"><span class='ocrx_word' id='word_1_63' title='bbox 515 451 589 482; x_wconf 85' lang='lat' dir='ltr'>abb.</span> <span class='ocrx_word' id='word_1_64' title='bbox 609 449 785 489; x_wconf 61' lang='lat' dir='ltr'>praedictos</span> <span class='ocrx_word' id='word_1_65' title='bbox 806 445 997 485; x_wconf 87' lang='lat' dir='ltr'>hujusmodi</span> <span class='ocrx_word' id='word_1_66' title='bbox 1023 452 1129 473; x_wconf 61' lang='lat' dir='ltr'>causze</span> <span class='ocrx_word' id='word_1_67' title='bbox 1156 442 1299 481; x_wconf 78' lang='lat' dir='ltr'>cognitio</span> <span class='ocrx_word' id='word_1_68' title='bbox 1320 441 1517 480; x_wconf 83' lang='lat' dir='ltr'>pertinebat.</span> <span class='ocrx_word' id='word_1_69' title='bbox 1542 451 1556 469; x_wconf 90' lang='lat'>»</span> <span class='ocrx_word' id='word_1_70' title='bbox 1578 440 1660 470; x_wconf 84' lang='lat' dir='ltr'>Cum</span> <span class='ocrx_word' id='word_1_71' title='bbox 1687 441 1810 472; x_wconf 82' lang='lat' dir='ltr'>autem,</span> <span class='ocrx_word' id='word_1_72' title='bbox 1829 439 1965 476; x_wconf 80' lang='lat' dir='ltr'>propter</span> <span class='ocrx_word' id='word_1_73' title='bbox 1987 437 2098 475; x_wconf 83' lang='lat' dir='ltr'>hujus-</span> 
     </span>
     <span class='ocr_line' id='line_1_18' title="bbox 515 491 2096 539; baseline -0.01 -4"><span class='ocrx_word' id='word_1_74' title='bbox 515 504 605 535; x_wconf 85' lang='lat' dir='ltr'>modi</span> <span class='ocrx_word' id='word_1_75' title='bbox 631 501 844 539; x_wconf 75' lang='lat' dir='ltr'>exceptiones</span> <span class='ocrx_word' id='word_1_76' title='bbox 871 497 1152 531; x_wconf 76' lang='lat' dir='ltr'>interlocutorias,</span> <span class='ocrx_word' id='word_1_77' title='bbox 1173 495 1297 525; x_wconf 82' lang='lat' dir='ltr'>decisio</span> <span class='ocrx_word' id='word_1_78' title='bbox 1323 494 1519 533; x_wconf 82' lang='lat' dir='ltr'>principalis</span> <span class='ocrx_word' id='word_1_79' title='bbox 1539 493 1663 531; x_wconf 80' lang='lat' dir='ltr'>negotii</span> <span class='ocrx_word' id='word_1_80' title='bbox 1683 492 1908 522; x_wconf 80' lang='lat' dir='ltr'>retardaretur</span> <span class='ocrx_word' id='word_1_81' title='bbox 1928 491 1959 520; x_wconf 88' lang='grc'>111</span> <span class='ocrx_word' id='word_1_82' title='bbox 1978 491 2096 530; x_wconf 61' lang='grc'>11133111-</span> 
     </span>
     <span class='ocr_line' id='line_1_19' title="bbox 516 544 2096 591; baseline -0.01 -4"><span class='ocrx_word' id='word_1_83' title='bbox 516 556 640 586; x_wconf 82' lang='lat' dir='ltr'>dicium</span> <span class='ocrx_word' id='word_1_84' title='bbox 664 554 758 584; x_wconf 66' lang='lat' dir='ltr'>dictze</span> <span class='ocrx_word' id='word_1_85' title='bbox 784 551 934 591; x_wconf 79' lang='lat' dir='ltr'>Agnetis,</span> <span class='ocrx_word' id='word_1_86' title='bbox 962 549 1067 588; x_wconf 67' lang='lat' dir='ltr'>(cujus</span> <span class='ocrx_word' id='word_1_87' title='bbox 1092 549 1202 578; x_wconf 86' lang='lat' dir='ltr'>dotem</span> <span class='ocrx_word' id='word_1_88' title='bbox 1226 548 1458 577; x_wconf 70' lang='lat' dir='ltr'>ascendentem</span> <span class='ocrx_word' id='word_1_89' title='bbox 1483 546 1523 576; x_wconf 84' lang='lat' dir='ltr'>ad</span> <span class='ocrx_word' id='word_1_90' title='bbox 1549 546 1639 582; x_wconf 86' lang='grc' dir='ltr'>1,ΟΟΟ</span> <span class='ocrx_word' id='word_1_91' title='bbox 1661 544 1718 574; x_wconf 89' lang='lat' dir='ltr'>lib.</span> <span class='ocrx_word' id='word_1_92' title='bbox 1741 544 1888 574; x_wconf 84' lang='lat' dir='ltr'>barchin.</span> <span class='ocrx_word' id='word_1_93' title='bbox 1912 544 2096 579; x_wconf 86' lang='lat' dir='ltr'>annuatim,</span> 
     </span>
     <span class='ocr_line' id='line_1_20' title="bbox 517 597 2102 640; baseline -0.008 -1"><span class='ocrx_word' id='word_1_94' title='bbox 517 610 605 639; x_wconf 90' lang='lat' dir='ltr'>idem</span> <span class='ocrx_word' id='word_1_95' title='bbox 623 606 826 639; x_wconf 82' lang='lat' dir='ltr'>Guillelinus</span> <span class='ocrx_word' id='word_1_96' title='bbox 844 604 943 637; x_wconf 86' lang='lat' dir='ltr'>tenet,</span> <span class='ocrx_word' id='word_1_97' title='bbox 962 601 1153 640; x_wconf 84' lang='lat' dir='ltr'>hujusmodi</span> <span class='ocrx_word' id='word_1_98' title='bbox 1170 600 1339 639; x_wconf 81' lang='lat' dir='ltr'>negotium</span> <span class='ocrx_word' id='word_1_99' title='bbox 1358 599 1568 637; x_wconf 81' lang='lat' dir='ltr'>intricando),</span> <span class='ocrx_word' id='word_1_100' title='bbox 1589 599 1733 628; x_wconf 79' lang='lat' dir='ltr'>instante</span> <span class='ocrx_word' id='word_1_101' title='bbox 1748 597 1835 627; x_wconf 85' lang='lat' dir='ltr'>dicta</span> <span class='ocrx_word' id='word_1_102' title='bbox 1852 598 1989 636; x_wconf 82' lang='lat' dir='ltr'>Agnete,</span> <span class='ocrx_word' id='word_1_103' title='bbox 2011 606 2102 626; x_wconf 85' lang='grc'>111311-</span> 
     </span>
     <span class='ocr_line' id='line_1_21' title="bbox 518 650 2099 696; baseline -0.008 -5"><span class='ocrx_word' id='word_1_104' title='bbox 518 663 572 692; x_wconf 82' lang='lat' dir='ltr'>dat</span> <span class='ocrx_word' id='word_1_105' title='bbox 591 661 628 690; x_wconf 85' lang='lat' dir='ltr'>P.</span> <span class='ocrx_word' id='word_1_106' title='bbox 655 660 693 690; x_wconf 87' lang='lat' dir='ltr'>P.</span> <span class='ocrx_word' id='word_1_107' title='bbox 711 659 798 689; x_wconf 80' lang='lat' dir='ltr'>dicto</span> <span class='ocrx_word' id='word_1_108' title='bbox 816 666 889 696; x_wconf 90' lang='lat' dir='ltr'>ep.o</span> <span class='ocrx_word' id='word_1_109' title='bbox 906 658 952 692; x_wconf 88' lang='lat' dir='ltr'>ut,</span> <span class='ocrx_word' id='word_1_110' title='bbox 973 654 1142 693; x_wconf 60' lang='lat' dir='ltr'>praedictis</span> <span class='ocrx_word' id='word_1_111' title='bbox 1167 661 1277 683; x_wconf 87' lang='lat' dir='ltr'>coram</span> <span class='ocrx_word' id='word_1_112' title='bbox 1303 652 1438 687; x_wconf 78' lang='lat' dir='ltr'>decano,</span> <span class='ocrx_word' id='word_1_113' title='bbox 1458 651 1593 681; x_wconf 85' lang='lat' dir='ltr'>officiali</span> <span class='ocrx_word' id='word_1_114' title='bbox 1618 652 1649 681; x_wconf 91' lang='lat' dir='ltr'>et</span> <span class='ocrx_word' id='word_1_115' title='bbox 1667 650 1785 680; x_wconf 83' lang='lat' dir='ltr'>abbate</span> <span class='ocrx_word' id='word_1_116' title='bbox 1801 650 2017 689; x_wconf 73' lang='lat' dir='ltr'>processibus</span> <span class='ocrx_word' id='word_1_117' title='bbox 2035 658 2099 678; x_wconf 93' lang='lat' dir='ltr'>non</span> 
     </span>
     <span class='ocr_line' id='line_1_22' title="bbox 519 703 2101 751; baseline -0.008 -7"><span class='ocrx_word' id='word_1_118' title='bbox 519 714 617 751; x_wconf 67' lang='lat' dir='ltr'>obst,</span> <span class='ocrx_word' id='word_1_119' title='bbox 646 713 746 742; x_wconf 85' lang='lat' dir='ltr'>faciat</span> <span class='ocrx_word' id='word_1_120' title='bbox 770 719 870 749; x_wconf 88' lang='lat' dir='ltr'>super</span> <span class='ocrx_word' id='word_1_121' title='bbox 899 708 1031 747; x_wconf 80' lang='lat' dir='ltr'>negotio</span> <span class='ocrx_word' id='word_1_122' title='bbox 1060 705 1237 745; x_wconf 86' lang='lat' dir='ltr'>principali</span> <span class='ocrx_word' id='word_1_123' title='bbox 1263 705 1403 743; x_wconf 61' lang='lat' dir='ltr'>justitiae</span> <span class='ocrx_word' id='word_1_124' title='bbox 1428 704 1721 742; x_wconf 83' lang='lat' dir='ltr'>complementum.</span> <span class='ocrx_word' id='word_1_125' title='bbox 1752 704 1803 742; x_wconf 85' lang='lat' dir='ltr'>(A.</span> <span class='ocrx_word' id='word_1_126' title='bbox 1834 705 1883 738; x_wconf 81' lang='lat'>55,</span> <span class='ocrx_word' id='word_1_127' title='bbox 1911 703 1931 731; x_wconf 85' lang='lat' dir='ltr'>f.</span> <span class='ocrx_word' id='word_1_128' title='bbox 1964 704 2022 733; x_wconf 84' lang='lat'>207</span> <span class='ocrx_word' id='word_1_129' title='bbox 2051 708 2101 737; x_wconf 75' lang='lat' dir='ltr'>v⁸;</span> 
     </span>
     <span class='ocr_line' id='line_1_23' title="bbox 525 766 801 802; baseline -0.018 -5"><span class='ocrx_word' id='word_1_130' title='bbox 525 766 557 797; x_wconf 66' lang='grc' dir='ltr'>Γ.</span> <span class='ocrx_word' id='word_1_131' title='bbox 579 768 646 802; x_wconf 87' lang='grc'>129,</span> <span class='ocrx_word' id='word_1_132' title='bbox 665 775 697 795; x_wconf 85' lang='grc'>11.</span> <span class='ocrx_word' id='word_1_133' title='bbox 719 766 801 801; x_wconf 78' lang='grc'>433.)</span> 
     </span>
    </p>

    <p class='ocr_par' dir='ltr' id='par_1_11' title="bbox 521 808 2107 1330">
     <span class='ocr_line' id='line_1_24' title="bbox 564 808 2100 855; baseline -0.006 -9"><span class='ocrx_word' id='word_1_134' title='bbox 564 819 573 829; x_wconf 78' lang='lat'><em>‘</em></span> <span class='ocrx_word' id='word_1_135' title='bbox 595 815 704 847; x_wconf 77' lang='lat'>9128.</span> <span class='ocrx_word' id='word_1_136' title='bbox 726 835 761 838; x_wconf 94' lang='lat'>——</span> <span class='ocrx_word' id='word_1_137' title='bbox 781 815 945 855; x_wconf 77' lang='lat' dir='ltr'>Archiep.o</span> <span class='ocrx_word' id='word_1_138' title='bbox 967 813 1157 853; x_wconf 60' lang='lat' dir='ltr'>Luqdrmcn„</span> <span class='ocrx_word' id='word_1_139' title='bbox 1178 816 1203 841; x_wconf 78' lang='lat' dir='ltr'>ct</span> <span class='ocrx_word' id='word_1_140' title='bbox 1220 821 1286 851; x_wconf 65' lang='lat' dir='ltr'>ep.i]</span> <span class='ocrx_word' id='word_1_141' title='bbox 1316 810 1483 846; x_wconf 62' lang='lat' dir='ltr'>Valentia.9</span> <span class='ocrx_word' id='word_1_142' title='bbox 1502 820 1535 838; x_wconf 78' lang='lat' dir='ltr'>ac</span> <span class='ocrx_word' id='word_1_143' title='bbox 1555 809 1621 839; x_wconf 72' lang='lat' dir='ltr'>abb.</span> <span class='ocrx_word' id='word_1_144' title='bbox 1648 815 1775 839; x_wconf 71' lang='lat' dir='ltr'>monast.</span> <span class='ocrx_word' id='word_1_145' title='bbox 1794 821 1816 838; x_wconf 78' lang='lat' dir='ltr'>s.</span> <span class='ocrx_word' id='word_1_146' title='bbox 1838 810 1909 849; x_wconf 74' lang='lat' dir='ltr'>Rufi</span> <span class='ocrx_word' id='word_1_147' title='bbox 1937 808 2100 844; x_wconf 59' lang='lat' dir='ltr'>Valentia„</span> 
     </span>
     <span class='ocr_line' id='line_1_25' title="bbox 522 863 2101 906; baseline -0.008 -3"><span class='ocrx_word' id='word_1_148' title='bbox 522 873 632 903; x_wconf 84' lang='lat' dir='ltr'>mand.</span> <span class='ocrx_word' id='word_1_149' title='bbox 651 873 686 901; x_wconf 90' lang='lat' dir='ltr'>ut</span> <span class='ocrx_word' id='word_1_150' title='bbox 703 871 742 900; x_wconf 87' lang='lat' dir='ltr'>de</span> <span class='ocrx_word' id='word_1_151' title='bbox 758 869 891 899; x_wconf 84' lang='lat' dir='ltr'>damnis</span> <span class='ocrx_word' id='word_1_152' title='bbox 912 877 970 906; x_wconf 88' lang='lat' dir='ltr'>per</span> <span class='ocrx_word' id='word_1_153' title='bbox 989 866 1064 896; x_wconf 89' lang='lat' dir='ltr'>nob.</span> <span class='ocrx_word' id='word_1_154' title='bbox 1088 866 1323 900; x_wconf 85' lang='lat' dir='ltr'>Humbertum,</span> <span class='ocrx_word' id='word_1_155' title='bbox 1343 864 1537 902; x_wconf 75' lang='lat' dir='ltr'>dalphinum</span> <span class='ocrx_word' id='word_1_156' title='bbox 1562 863 1738 898; x_wconf 78' lang='lat' dir='ltr'>Viennen.,</span> <span class='ocrx_word' id='word_1_157' title='bbox 1757 863 1861 892; x_wconf 87' lang='lat' dir='ltr'>illatis</span> <span class='ocrx_word' id='word_1_158' title='bbox 1879 863 1965 892; x_wconf 72' lang='lat' dir='ltr'>villa·</span> <span class='ocrx_word' id='word_1_159' title='bbox 1983 863 2022 892; x_wconf 86' lang='lat' dir='ltr'>de</span> <span class='ocrx_word' id='word_1_160' title='bbox 2038 863 2101 892; x_wconf 84' lang='lat' dir='ltr'>Ro-</span> 
     </span>
     <span class='ocr_line' id='line_1_26' title="bbox 521 915 2104 960; baseline -0.007 -5"><span class='ocrx_word' id='word_1_161' title='bbox 521 925 641 959; x_wconf 81' lang='lat' dir='ltr'>manis,</span> <span class='ocrx_word' id='word_1_162' title='bbox 659 924 822 954; x_wconf 84' lang='lat' dir='ltr'>Vienncn.</span> <span class='ocrx_word' id='word_1_163' title='bbox 841 922 899 956; x_wconf 83' lang='lat' dir='ltr'>di.,</span> <span class='ocrx_word' id='word_1_164' title='bbox 917 922 1002 960; x_wconf 50' lang='lat' dir='ltr'>&lt;quie</span> <span class='ocrx_word' id='word_1_165' title='bbox 1019 918 1187 949; x_wconf 83' lang='lat' dir='ltr'>censualis</span> <span class='ocrx_word' id='word_1_166' title='bbox 1204 919 1236 947; x_wconf 80' lang='lat' dir='ltr'>et</span> <span class='ocrx_word' id='word_1_167' title='bbox 1252 918 1290 947; x_wconf 86' lang='lat' dir='ltr'>de</span> <span class='ocrx_word' id='word_1_168' title='bbox 1305 918 1379 956; x_wconf 85' lang='lat' dir='ltr'>jure</span> <span class='ocrx_word' id='word_1_169' title='bbox 1396 926 1431 946; x_wconf 87' lang='lat' dir='ltr'>ac</span> <span class='ocrx_word' id='word_1_170' title='bbox 1446 916 1648 955; x_wconf 76' lang='lat' dir='ltr'>proprietate</span> <span class='ocrx_word' id='word_1_171' title='bbox 1665 917 1760 946; x_wconf 77' lang='lat' dir='ltr'>Rom.</span> <span class='ocrx_word' id='word_1_172' title='bbox 1780 916 1867 945; x_wconf 87' lang='lat' dir='ltr'>Eccl.</span> <span class='ocrx_word' id='word_1_173' title='bbox 1885 924 1959 945; x_wconf 85' lang='lat' dir='ltr'>esse</span> <span class='ocrx_word' id='word_1_174' title='bbox 1972 915 2104 954; x_wconf 81' lang='lat' dir='ltr'>dignos-</span> 
     </span>
     <span class='ocr_line' id='line_1_27' title="bbox 521 968 2104 1016; baseline -0.006 -8"><span class='ocrx_word' id='word_1_175' title='bbox 521 979 617 1014; x_wconf 84' lang='lat' dir='ltr'>citur,</span> <span class='ocrx_word' id='word_1_176' title='bbox 638 984 804 1016; x_wconf 83' lang='lat' dir='ltr'>quamque</span> <span class='ocrx_word' id='word_1_177' title='bbox 821 974 1009 1012; x_wconf 87' lang='lat' dir='ltr'>archiep.us</span> <span class='ocrx_word' id='word_1_178' title='bbox 1028 972 1206 1006; x_wconf 57' lang='lat' dir='ltr'>Viennen„</span> <span class='ocrx_word' id='word_1_179' title='bbox 1225 972 1256 1000; x_wconf 89' lang='lat' dir='ltr'>et</span> <span class='ocrx_word' id='word_1_180' title='bbox 1273 970 1372 1009; x_wconf 81' lang='lat' dir='ltr'>capit.</span> <span class='ocrx_word' id='word_1_181' title='bbox 1390 969 1468 999; x_wconf 82' lang='lat' dir='ltr'>eccl.</span> <span class='ocrx_word' id='word_1_182' title='bbox 1489 969 1584 999; x_wconf 59' lang='lat' dir='ltr'>dictae</span> <span class='ocrx_word' id='word_1_183' title='bbox 1607 968 1706 1003; x_wconf 81' lang='lat' dir='ltr'>villae,</span> <span class='ocrx_word' id='word_1_184' title='bbox 1730 969 1864 998; x_wconf 91' lang='lat' dir='ltr'>nomine</span> <span class='ocrx_word' id='word_1_185' title='bbox 1889 968 2053 999; x_wconf 67' lang='lat' dir='ltr'>Yieiinen.</span> <span class='ocrx_word' id='word_1_186' title='bbox 2073 970 2104 998; x_wconf 86' lang='lat' dir='ltr'>et</span> 
     </span>
     <span class='ocr_line' id='line_1_28' title="bbox 522 1021 2104 1070; baseline -0.007 -9"><span class='ocrx_word' id='word_1_187' title='bbox 522 1031 627 1070; x_wconf 81' lang='lat' dir='ltr'>ejusd.</span> <span class='ocrx_word' id='word_1_188' title='bbox 650 1029 738 1059; x_wconf 61' lang='lat' dir='ltr'>villae</span> <span class='ocrx_word' id='word_1_189' title='bbox 758 1029 798 1058; x_wconf 89' lang='lat' dir='ltr'>de</span> <span class='ocrx_word' id='word_1_190' title='bbox 822 1027 982 1058; x_wconf 86' lang='lat' dir='ltr'>Romanis</span> <span class='ocrx_word' id='word_1_191' title='bbox 999 1025 1229 1060; x_wconf 85' lang='lat' dir='ltr'>ecclesiarum,</span> <span class='ocrx_word' id='word_1_192' title='bbox 1247 1032 1321 1053; x_wconf 85' lang='lat' dir='ltr'>cum</span> <span class='ocrx_word' id='word_1_193' title='bbox 1340 1031 1430 1052; x_wconf 90' lang='lat' dir='ltr'>mero</span> <span class='ocrx_word' id='word_1_194' title='bbox 1450 1023 1480 1052; x_wconf 89' lang='lat' dir='ltr'>et</span> <span class='ocrx_word' id='word_1_195' title='bbox 1502 1022 1605 1052; x_wconf 82' lang='lat' dir='ltr'>mixto</span> <span class='ocrx_word' id='word_1_196' title='bbox 1633 1021 1787 1059; x_wconf 88' lang='lat' dir='ltr'>imperio,</span> <span class='ocrx_word' id='word_1_197' title='bbox 1813 1030 1848 1051; x_wconf 89' lang='lat' dir='ltr'>ac</span> <span class='ocrx_word' id='word_1_198' title='bbox 1872 1021 2104 1059; x_wconf 86' lang='lat' dir='ltr'>jurisdictione</span> 
     </span>
     <span class='ocr_line' id='line_1_29' title="bbox 523 1074 2103 1118; baseline -0.006 -5"><span class='ocrx_word' id='word_1_199' title='bbox 523 1084 590 1114; x_wconf 88' lang='lat' dir='ltr'>alta</span> <span class='ocrx_word' id='word_1_200' title='bbox 607 1084 638 1113; x_wconf 87' lang='lat' dir='ltr'>et</span> <span class='ocrx_word' id='word_1_201' title='bbox 654 1082 754 1112; x_wconf 87' lang='lat' dir='ltr'>bassa</span> <span class='ocrx_word' id='word_1_202' title='bbox 770 1080 832 1111; x_wconf 81' lang='lat' dir='ltr'>sub</span> <span class='ocrx_word' id='word_1_203' title='bbox 851 1079 989 1118; x_wconf 73' lang='lat' dir='ltr'>praefata</span> <span class='ocrx_word' id='word_1_204' title='bbox 1004 1079 1101 1109; x_wconf 82' lang='lat' dir='ltr'>Rom.</span> <span class='ocrx_word' id='word_1_205' title='bbox 1121 1077 1208 1107; x_wconf 83' lang='lat' dir='ltr'>Eccl.</span> <span class='ocrx_word' id='word_1_206' title='bbox 1226 1077 1364 1113; x_wconf 78' lang='lat' dir='ltr'>tenent),</span> <span class='ocrx_word' id='word_1_207' title='bbox 1382 1084 1417 1105; x_wconf 87' lang='lat' dir='ltr'>se</span> <span class='ocrx_word' id='word_1_208' title='bbox 1436 1075 1615 1104; x_wconf 83' lang='lat' dir='ltr'>informent</span> <span class='ocrx_word' id='word_1_209' title='bbox 1634 1076 1665 1104; x_wconf 86' lang='lat' dir='ltr'>et</span> <span class='ocrx_word' id='word_1_210' title='bbox 1682 1083 1897 1112; x_wconf 84' lang='lat' dir='ltr'>quaecumque</span> <span class='ocrx_word' id='word_1_211' title='bbox 1915 1074 2103 1103; x_wconf 79' lang='lat' dir='ltr'>inveneriiit</span> 
     </span>
     <span class='ocr_line' id='line_1_30' title="bbox 524 1126 2107 1174; baseline -0.006 -8"><span class='ocrx_word' id='word_1_212' title='bbox 524 1137 557 1166; x_wconf 93' lang='lat' dir='ltr'>in</span> <span class='ocrx_word' id='word_1_213' title='bbox 575 1135 710 1174; x_wconf 87' lang='lat' dir='ltr'>scriptis</span> <span class='ocrx_word' id='word_1_214' title='bbox 727 1134 871 1169; x_wconf 85' lang='lat' dir='ltr'>redacta,</span> <span class='ocrx_word' id='word_1_215' title='bbox 892 1141 956 1162; x_wconf 87' lang='lat' dir='ltr'>una</span> <span class='ocrx_word' id='word_1_216' title='bbox 971 1140 1046 1162; x_wconf 89' lang='lat' dir='ltr'>cum</span> <span class='ocrx_word' id='word_1_217' title='bbox 1062 1138 1222 1170; x_wconf 83' lang='lat' dir='ltr'>processu</span> <span class='ocrx_word' id='word_1_218' title='bbox 1241 1129 1281 1159; x_wconf 85' lang='lat' dir='ltr'>ab</span> <span class='ocrx_word' id='word_1_219' title='bbox 1298 1129 1383 1167; x_wconf 88' lang='lat' dir='ltr'>ipsis</span> <span class='ocrx_word' id='word_1_220' title='bbox 1400 1128 1541 1158; x_wconf 87' lang='lat' dir='ltr'>aliarum</span> <span class='ocrx_word' id='word_1_221' title='bbox 1558 1127 1747 1157; x_wconf 81' lang='lat' dir='ltr'>litterarum</span> <span class='ocrx_word' id='word_1_222' title='bbox 1771 1126 1820 1156; x_wconf 90' lang='lat' dir='ltr'>eis</span> <span class='ocrx_word' id='word_1_223' title='bbox 1838 1127 1981 1165; x_wconf 80' lang='lat' dir='ltr'>desuper</span> <span class='ocrx_word' id='word_1_224' title='bbox 2001 1127 2107 1156; x_wconf 87' lang='lat' dir='ltr'>direc-</span> 
     </span>
     <span class='ocr_line' id='line_1_31' title="bbox 522 1180 2105 1227; baseline -0.006 -8"><span class='ocrx_word' id='word_1_225' title='bbox 522 1191 632 1220; x_wconf 87' lang='lat' dir='ltr'>tarum</span> <span class='ocrx_word' id='word_1_226' title='bbox 658 1188 783 1227; x_wconf 84' lang='lat' dir='ltr'>vigore,</span> <span class='ocrx_word' id='word_1_227' title='bbox 808 1186 921 1216; x_wconf 80' lang='lat' dir='ltr'>habito</span> <span class='ocrx_word' id='word_1_228' title='bbox 946 1186 1068 1224; x_wconf 87' lang='lat' dir='ltr'>quanto</span> <span class='ocrx_word' id='word_1_229' title='bbox 1092 1184 1191 1213; x_wconf 83' lang='lat' dir='ltr'>citius</span> <span class='ocrx_word' id='word_1_230' title='bbox 1211 1182 1396 1217; x_wconf 86' lang='lat' dir='ltr'>destinent;</span> <span class='ocrx_word' id='word_1_231' title='bbox 1427 1181 1666 1211; x_wconf 79' lang='lat' dir='ltr'>enumerantur</span> <span class='ocrx_word' id='word_1_232' title='bbox 1689 1180 1811 1209; x_wconf 83' lang='lat' dir='ltr'>damna</span> <span class='ocrx_word' id='word_1_233' title='bbox 1836 1188 1937 1218; x_wconf 79' lang='lat' dir='ltr'>passa</span> <span class='ocrx_word' id='word_1_234' title='bbox 1955 1181 2105 1217; x_wconf 86' lang='lat' dir='ltr'>tempore</span> 
     </span>
     <span class='ocr_line' id='line_1_32' title="bbox 524 1232 2107 1278; baseline -0.006 -6"><span class='ocrx_word' id='word_1_235' title='bbox 524 1241 710 1272; x_wconf 85' lang='lat' dir='ltr'>obsidionis</span> <span class='ocrx_word' id='word_1_236' title='bbox 725 1240 813 1270; x_wconf 82' lang='lat' dir='ltr'>villae</span> <span class='ocrx_word' id='word_1_237' title='bbox 829 1239 1004 1278; x_wconf 57' lang='lat' dir='ltr'>praedictae.</span> <span class='ocrx_word' id='word_1_238' title='bbox 1023 1239 1074 1277; x_wconf 79' lang='lat' dir='ltr'>(A.</span> <span class='ocrx_word' id='word_1_239' title='bbox 1091 1238 1141 1273; x_wconf 81' lang='lat'>55,</span> <span class='ocrx_word' id='word_1_240' title='bbox 1158 1236 1180 1266; x_wconf 83' lang='lat' dir='ltr'>f.</span> <span class='ocrx_word' id='word_1_241' title='bbox 1198 1237 1270 1271; x_wconf 72' lang='lat'>2143</span> <span class='ocrx_word' id='word_1_242' title='bbox 1294 1234 1326 1263; x_wconf 90' lang='lat' dir='ltr'>V.</span> <span class='ocrx_word' id='word_1_243' title='bbox 1345 1236 1412 1271; x_wconf 85' lang='lat'><strong>129,</strong></span> <span class='ocrx_word' id='word_1_244' title='bbox 1427 1243 1457 1263; x_wconf 91' lang='lat' dir='ltr'>n.</span> <span class='ocrx_word' id='word_1_245' title='bbox 1474 1235 1546 1268; x_wconf 68' lang='lat'>4433</span> <span class='ocrx_word' id='word_1_246' title='bbox 1565 1234 1631 1269; x_wconf 84' lang='lat'><strong>136,</strong></span> <span class='ocrx_word' id='word_1_247' title='bbox 1649 1232 1670 1262; x_wconf 86' lang='lat' dir='ltr'>f.</span> <span class='ocrx_word' id='word_1_248' title='bbox 1687 1234 1753 1268; x_wconf 84' lang='lat'><strong>119,</strong></span> <span class='ocrx_word' id='word_1_249' title='bbox 1770 1233 1892 1268; x_wconf 83' lang='grc'>11.298;</span> <span class='ocrx_word' id='word_1_250' title='bbox 1911 1233 1952 1262; x_wconf 83' lang='lat' dir='ltr'>cf.</span> <span class='ocrx_word' id='word_1_251' title='bbox 1971 1234 2107 1268; x_wconf 85' lang='grc'>11.9359,</span> 
     </span>
     <span class='ocr_line' id='line_1_33' title="bbox 524 1291 1039 1330; baseline -0.012 -4"><span class='ocrx_word' id='word_1_252' title='bbox 524 1296 711 1330; x_wconf 77' lang='lat'><strong>9362-93653</strong></span> <span class='ocrx_word' id='word_1_253' title='bbox 729 1294 884 1329; x_wconf 71' lang='lat' dir='ltr'>Daumet,</span> <span class='ocrx_word' id='word_1_254' title='bbox 904 1301 935 1321; x_wconf 90' lang='lat' dir='ltr'>n.</span> <span class='ocrx_word' id='word_1_255' title='bbox 955 1291 1039 1330; x_wconf 87' lang='grc'>911.)</span> 
     </span>
    </p>

    <p class='ocr_par' dir='ltr' id='par_1_12' title="bbox 525 1338 2112 1705">
     <span class='ocr_line' id='line_1_34' title="bbox 567 1338 2106 1383; baseline -0.004 -9"><span class='ocrx_word' id='word_1_256' title='bbox 567 1345 676 1375; x_wconf 75' lang='grc'>9129.</span> <span class='ocrx_word' id='word_1_257' title='bbox 698 1365 734 1369; x_wconf 79' lang='lat'>-—</span> <span class='ocrx_word' id='word_1_258' title='bbox 761 1345 838 1376; x_wconf 80' lang='lat' dir='ltr'>Abb.</span> <span class='ocrx_word' id='word_1_259' title='bbox 859 1350 986 1374; x_wconf 77' lang='lat' dir='ltr'>monast.</span> <span class='ocrx_word' id='word_1_260' title='bbox 1005 1354 1029 1374; x_wconf 80' lang='lat' dir='ltr'>s.</span> <span class='ocrx_word' id='word_1_261' title='bbox 1049 1343 1211 1383; x_wconf 73' lang='lat' dir='ltr'>Sepulchri</span> <span class='ocrx_word' id='word_1_262' title='bbox 1240 1342 1446 1376; x_wconf 54' lang='lat' dir='ltr'>Cameracen„</span> <span class='ocrx_word' id='word_1_263' title='bbox 1471 1345 1496 1369; x_wconf 77' lang='lat' dir='ltr'>el</span> <span class='ocrx_word' id='word_1_264' title='bbox 1516 1339 1582 1369; x_wconf 77' lang='lat' dir='ltr'>nob.</span> <span class='ocrx_word' id='word_1_265' title='bbox 1609 1338 1740 1369; x_wconf 68' lang='lat' dir='ltr'>Geraldo</span> <span class='ocrx_word' id='word_1_266' title='bbox 1760 1339 1795 1368; x_wconf 75' lang='lat' dir='ltr'>dc</span> <span class='ocrx_word' id='word_1_267' title='bbox 1816 1339 1954 1378; x_wconf 70' lang='lat' dir='ltr'>Inqenio,</span> <span class='ocrx_word' id='word_1_268' title='bbox 1974 1339 2052 1368; x_wconf 81' lang='lat' dir='ltr'>dom.</span> <span class='ocrx_word' id='word_1_269' title='bbox 2071 1339 2106 1369; x_wconf 75' lang='lat' dir='ltr'>dc</span> 
     </span>
     <span class='ocr_line' id='line_1_35' title="bbox 525 1392 2107 1436; baseline -0.004 -6"><span class='ocrx_word' id='word_1_270' title='bbox 525 1401 680 1436; x_wconf 69' lang='lat' dir='ltr'>Haureclz,</span> <span class='ocrx_word' id='word_1_271' title='bbox 697 1400 888 1430; x_wconf 78' lang='lat' dir='ltr'>Cameracen.</span> <span class='ocrx_word' id='word_1_272' title='bbox 906 1398 962 1434; x_wconf 79' lang='lat' dir='ltr'>di.,</span> <span class='ocrx_word' id='word_1_273' title='bbox 981 1397 1092 1427; x_wconf 89' lang='lat' dir='ltr'>mand.</span> <span class='ocrx_word' id='word_1_274' title='bbox 1110 1398 1146 1426; x_wconf 91' lang='lat' dir='ltr'>ut</span> <span class='ocrx_word' id='word_1_275' title='bbox 1161 1405 1195 1426; x_wconf 92' lang='lat' dir='ltr'>se</span> <span class='ocrx_word' id='word_1_276' title='bbox 1212 1395 1393 1425; x_wconf 86' lang='lat' dir='ltr'>informent</span> <span class='ocrx_word' id='word_1_277' title='bbox 1416 1394 1454 1424; x_wconf 88' lang='lat' dir='ltr'>de</span> <span class='ocrx_word' id='word_1_278' title='bbox 1476 1403 1538 1423; x_wconf 88' lang='lat' dir='ltr'>usu</span> <span class='ocrx_word' id='word_1_279' title='bbox 1555 1393 1682 1432; x_wconf 86' lang='lat' dir='ltr'>cujusd.</span> <span class='ocrx_word' id='word_1_280' title='bbox 1701 1393 1820 1422; x_wconf 86' lang='lat' dir='ltr'>domus</span> <span class='ocrx_word' id='word_1_281' title='bbox 1838 1393 1871 1422; x_wconf 92' lang='lat' dir='ltr'>in</span> <span class='ocrx_word' id='word_1_282' title='bbox 1885 1392 1976 1422; x_wconf 89' lang='lat' dir='ltr'>civit.</span> <span class='ocrx_word' id='word_1_283' title='bbox 1994 1393 2107 1423; x_wconf 78' lang='lat' dir='ltr'>Came-</span> 
     </span>
     <span class='ocr_line' id='line_1_36' title="bbox 526 1445 2107 1490; baseline -0.006 -6"><span class='ocrx_word' id='word_1_284' title='bbox 526 1463 634 1485; x_wconf 87' lang='lat' dir='ltr'>racen.</span> <span class='ocrx_word' id='word_1_285' title='bbox 654 1453 855 1488; x_wconf 77' lang='lat' dir='ltr'>constitutae,</span> <span class='ocrx_word' id='word_1_286' title='bbox 874 1460 946 1490; x_wconf 80' lang='lat' dir='ltr'>quae</span> <span class='ocrx_word' id='word_1_287' title='bbox 960 1451 1079 1480; x_wconf 85' lang='lat' dir='ltr'>domus</span> <span class='ocrx_word' id='word_1_288' title='bbox 1095 1449 1236 1489; x_wconf 74' lang='lat' dir='ltr'>justitiae</span> <span class='ocrx_word' id='word_1_289' title='bbox 1252 1449 1472 1486; x_wconf 83' lang='lat' dir='ltr'>nuncupatur,</span> <span class='ocrx_word' id='word_1_290' title='bbox 1491 1449 1522 1477; x_wconf 84' lang='lat' dir='ltr'>ct</span> <span class='ocrx_word' id='word_1_291' title='bbox 1540 1455 1639 1484; x_wconf 81' lang='lat' dir='ltr'>quam</span> <span class='ocrx_word' id='word_1_292' title='bbox 1655 1447 1748 1484; x_wconf 87' lang='lat' dir='ltr'>pater</span> <span class='ocrx_word' id='word_1_293' title='bbox 1770 1445 1955 1481; x_wconf 77' lang='lat' dir='ltr'>Guillelmi‚</span> <span class='ocrx_word' id='word_1_294' title='bbox 1974 1445 2107 1475; x_wconf 79' lang='lat' dir='ltr'>comitis</span> 
     </span>
     <span class='ocr_line' id='line_1_37' title="bbox 525 1498 2112 1544; baseline -0.006 -7"><span class='ocrx_word' id='word_1_295' title='bbox 525 1507 722 1542; x_wconf 74' lang='lat' dir='ltr'>Hanonniae,</span> <span class='ocrx_word' id='word_1_296' title='bbox 742 1516 759 1535; x_wconf 90' lang='lat' dir='ltr'>a</span> <span class='ocrx_word' id='word_1_297' title='bbox 775 1505 919 1544; x_wconf 83' lang='lat' dir='ltr'>quodam</span> <span class='ocrx_word' id='word_1_298' title='bbox 945 1504 1109 1542; x_wconf 84' lang='lat' dir='ltr'>armigero</span> <span class='ocrx_word' id='word_1_299' title='bbox 1128 1502 1318 1541; x_wconf 75' lang='lat' dir='ltr'>acquisivit,</span> <span class='ocrx_word' id='word_1_300' title='bbox 1337 1502 1367 1531; x_wconf 89' lang='lat' dir='ltr'>et</span> <span class='ocrx_word' id='word_1_301' title='bbox 1384 1501 1422 1530; x_wconf 91' lang='lat' dir='ltr'>de</span> <span class='ocrx_word' id='word_1_302' title='bbox 1441 1501 1513 1539; x_wconf 87' lang='lat' dir='ltr'>ejus</span> <span class='ocrx_word' id='word_1_303' title='bbox 1527 1499 1661 1538; x_wconf 86' lang='lat' dir='ltr'>juribus</span> <span class='ocrx_word' id='word_1_304' title='bbox 1681 1508 1717 1529; x_wconf 84' lang='lat' dir='ltr'>ac</span> <span class='ocrx_word' id='word_1_305' title='bbox 1734 1499 1773 1528; x_wconf 86' lang='lat' dir='ltr'>de</span> <span class='ocrx_word' id='word_1_306' title='bbox 1796 1499 1894 1528; x_wconf 85' lang='lat' dir='ltr'>modo</span> <span class='ocrx_word' id='word_1_307' title='bbox 1913 1507 1977 1537; x_wconf 85' lang='lat' dir='ltr'>quo</span> <span class='ocrx_word' id='word_1_308' title='bbox 2003 1498 2112 1528; x_wconf 87' lang='lat' dir='ltr'>dictus</span> 
     </span>
     <span class='ocr_line' id='line_1_38' title="bbox 527 1552 2111 1599; baseline -0.006 -9"><span class='ocrx_word' id='word_1_309' title='bbox 527 1560 672 1599; x_wconf 84' lang='lat' dir='ltr'>armiger</span> <span class='ocrx_word' id='word_1_310' title='bbox 684 1558 815 1589; x_wconf 81' lang='lat' dir='ltr'>tenebat</span> <span class='ocrx_word' id='word_1_311' title='bbox 831 1556 1065 1596; x_wconf 59' lang='lat' dir='ltr'>etgpossidebat</span> <span class='ocrx_word' id='word_1_312' title='bbox 1080 1555 1243 1591; x_wconf 86' lang='lat' dir='ltr'>eamdem,</span> <span class='ocrx_word' id='word_1_313' title='bbox 1259 1557 1290 1584; x_wconf 87' lang='lat' dir='ltr'>et</span> <span class='ocrx_word' id='word_1_314' title='bbox 1303 1562 1519 1593; x_wconf 73' lang='lat' dir='ltr'>quaecumque</span> <span class='ocrx_word' id='word_1_315' title='bbox 1537 1561 1636 1591; x_wconf 87' lang='lat' dir='ltr'>super</span> <span class='ocrx_word' id='word_1_316' title='bbox 1648 1552 1691 1581; x_wconf 85' lang='lat' dir='ltr'>iis</span> <span class='ocrx_word' id='word_1_317' title='bbox 1706 1552 1906 1587; x_wconf 81' lang='lat' dir='ltr'>invenerint,</span> <span class='ocrx_word' id='word_1_318' title='bbox 1926 1552 1959 1581; x_wconf 91' lang='lat' dir='ltr'>in</span> <span class='ocrx_word' id='word_1_319' title='bbox 1975 1552 2111 1589; x_wconf 83' lang='lat' dir='ltr'>scriptis</span> 
     </span>
     <span class='ocr_line' id='line_1_39' title="bbox 528 1604 2108 1650; baseline -0.006 -6"><span class='ocrx_word' id='word_1_320' title='bbox 528 1614 671 1648; x_wconf 79' lang='lat' dir='ltr'>redacta,</span> <span class='ocrx_word' id='word_1_321' title='bbox 688 1613 721 1642; x_wconf 91' lang='lat' dir='ltr'>in</span> <span class='ocrx_word' id='word_1_322' title='bbox 738 1611 917 1650; x_wconf 57' lang='lat' dir='ltr'>praesentia</span> <span class='ocrx_word' id='word_1_323' title='bbox 933 1611 998 1649; x_wconf 90' lang='lat' dir='ltr'>ep.i</span> <span class='ocrx_word' id='word_1_324' title='bbox 1013 1610 1225 1640; x_wconf 84' lang='lat' dir='ltr'>Cameracen.</span> <span class='ocrx_word' id='word_1_325' title='bbox 1246 1609 1277 1638; x_wconf 87' lang='lat' dir='ltr'>et</span> <span class='ocrx_word' id='word_1_326' title='bbox 1292 1607 1371 1637; x_wconf 83' lang='lat' dir='ltr'>dicti</span> <span class='ocrx_word' id='word_1_327' title='bbox 1389 1607 1521 1636; x_wconf 85' lang='lat' dir='ltr'>comitis</span> <span class='ocrx_word' id='word_1_328' title='bbox 1538 1605 1694 1635; x_wconf 85' lang='lat' dir='ltr'>studeant</span> <span class='ocrx_word' id='word_1_329' title='bbox 1713 1605 1909 1635; x_wconf 87' lang='lat' dir='ltr'>solemniter</span> <span class='ocrx_word' id='word_1_330' title='bbox 1925 1604 2108 1643; x_wconf 87' lang='lat' dir='ltr'>publicare.</span> 
     </span>
     <span class='ocr_line' id='line_1_40' title="bbox 529 1663 1144 1705; baseline -0.008 -9"><span class='ocrx_word' id='word_1_331' title='bbox 529 1666 579 1705; x_wconf 93' lang='lat' dir='ltr'>(V.</span> <span class='ocrx_word' id='word_1_332' title='bbox 601 1667 667 1701; x_wconf 79' lang='lat'><strong>129,</strong></span> <span class='ocrx_word' id='word_1_333' title='bbox 686 1674 717 1694; x_wconf 92' lang='lat' dir='ltr'>n.</span> <span class='ocrx_word' id='word_1_334' title='bbox 737 1666 812 1700; x_wconf 81' lang='lat'>500;</span> <span class='ocrx_word' id='word_1_335' title='bbox 828 1664 973 1699; x_wconf 80' lang='lat' dir='ltr'>Biezler,</span> <span class='ocrx_word' id='word_1_336' title='bbox 992 1672 1023 1692; x_wconf 91' lang='lat' dir='ltr'>n.</span> <span class='ocrx_word' id='word_1_337' title='bbox 1041 1663 1144 1698; x_wconf 86' lang='lat'>2117.)</span> 
     </span>
    </p>

    <p class='ocr_par' dir='ltr' id='par_1_13' title="bbox 529 1709 2118 2182">
     <span class='ocr_line' id='line_1_41' title="bbox 572 1709 2107 1756; baseline -0.003 -10"><span class='ocrx_word' id='word_1_338' title='bbox 572 1716 682 1746; x_wconf 76' lang='lat'>9130.</span> <span class='ocrx_word' id='word_1_339' title='bbox 702 1736 734 1739; x_wconf 89' lang='lat'>-—</span> <span class='ocrx_word' id='word_1_340' title='bbox 756 1717 922 1756; x_wconf 51' lang='lat' dir='ltr'>Ambiani)</span> <span class='ocrx_word' id='word_1_341' title='bbox 943 1715 1156 1751; x_wconf 59' lang='lat' dir='ltr'>Coninmien„</span> <span class='ocrx_word' id='word_1_342' title='bbox 1172 1720 1197 1743; x_wconf 83' lang='lat' dir='ltr'>el</span> <span class='ocrx_word' id='word_1_343' title='bbox 1215 1723 1282 1753; x_wconf 53' lang='grc' dir='ltr'>θρα)</span> <span class='ocrx_word' id='word_1_344' title='bbox 1302 1713 1455 1743; x_wconf 72' lang='lat' dir='ltr'>Cicestren</span> <span class='ocrx_word' id='word_1_345' title='bbox 1472 1735 1478 1747; x_wconf 81' lang='lat'>,</span> <span class='ocrx_word' id='word_1_346' title='bbox 1494 1722 1527 1741; x_wconf 77' lang='lat' dir='ltr'>ac</span> <span class='ocrx_word' id='word_1_347' title='bbox 1543 1722 1619 1751; x_wconf 73' lang='lat' dir='ltr'>may.</span> <span class='ocrx_word' id='word_1_348' title='bbox 1639 1710 1771 1740; x_wconf 61' lang='lat' dir='ltr'>litem-do</span> <span class='ocrx_word' id='word_1_349' title='bbox 1793 1709 1828 1739; x_wconf 77' lang='lat' dir='ltr'>de</span> <span class='ocrx_word' id='word_1_350' title='bbox 1850 1709 2023 1750; x_wconf 70' lang='lat' dir='ltr'>Cadesleye,</span> <span class='ocrx_word' id='word_1_351' title='bbox 2042 1721 2107 1741; x_wconf 71' lang='lat' dir='ltr'>can.</span> 
     </span>
     <span class='ocr_line' id='line_1_42' title="bbox 529 1764 2109 1806; baseline -0.005 -5"><span class='ocrx_word' id='word_1_352' title='bbox 529 1771 743 1805; x_wconf 71' lang='lat' dir='ltr'>Snresbirien..</span> <span class='ocrx_word' id='word_1_353' title='bbox 763 1770 873 1800; x_wconf 87' lang='lat' dir='ltr'>mand.</span> <span class='ocrx_word' id='word_1_354' title='bbox 894 1772 928 1799; x_wconf 86' lang='lat' dir='ltr'>ut</span> <span class='ocrx_word' id='word_1_355' title='bbox 944 1769 1057 1804; x_wconf 84' lang='lat' dir='ltr'>citent,</span> <span class='ocrx_word' id='word_1_356' title='bbox 1075 1768 1123 1806; x_wconf 88' lang='lat' dir='ltr'>(ut</span> <span class='ocrx_word' id='word_1_357' title='bbox 1140 1767 1225 1797; x_wconf 82' lang='lat' dir='ltr'>infra</span> <span class='ocrx_word' id='word_1_358' title='bbox 1245 1767 1347 1796; x_wconf 86' lang='lat' dir='ltr'>trium</span> <span class='ocrx_word' id='word_1_359' title='bbox 1364 1766 1531 1796; x_wconf 83' lang='lat' dir='ltr'>mensium</span> <span class='ocrx_word' id='word_1_360' title='bbox 1556 1765 1703 1803; x_wconf 86' lang='lat' dir='ltr'>spatium</span> <span class='ocrx_word' id='word_1_361' title='bbox 1729 1764 1835 1802; x_wconf 81' lang='lat' dir='ltr'>apost.</span> <span class='ocrx_word' id='word_1_362' title='bbox 1863 1773 1897 1794; x_wconf 87' lang='lat' dir='ltr'>se</span> <span class='ocrx_word' id='word_1_363' title='bbox 1919 1764 2109 1802; x_wconf 84' lang='lat' dir='ltr'>conspectui</span> 
     </span>
     <span class='ocr_line' id='line_1_43' title="bbox 529 1817 2113 1864; baseline -0.006 -9"><span class='ocrx_word' id='word_1_364' title='bbox 529 1825 719 1864; x_wconf 73' lang='lat' dir='ltr'>praesentet)</span> <span class='ocrx_word' id='word_1_365' title='bbox 738 1823 899 1854; x_wconf 79' lang='lat' dir='ltr'>Thomam</span> <span class='ocrx_word' id='word_1_366' title='bbox 922 1822 960 1852; x_wconf 85' lang='lat' dir='ltr'>de</span> <span class='ocrx_word' id='word_1_367' title='bbox 985 1821 1127 1857; x_wconf 77' lang='lat' dir='ltr'>Hacfelt,</span> <span class='ocrx_word' id='word_1_368' title='bbox 1147 1821 1203 1859; x_wconf 74' lang='lat' dir='ltr'>qui</span> <span class='ocrx_word' id='word_1_369' title='bbox 1225 1829 1284 1858; x_wconf 89' lang='lat' dir='ltr'>pro</span> <span class='ocrx_word' id='word_1_370' title='bbox 1301 1820 1428 1849; x_wconf 85' lang='lat' dir='ltr'>rectore</span> <span class='ocrx_word' id='word_1_371' title='bbox 1452 1818 1530 1848; x_wconf 88' lang='lat' dir='ltr'>eccl.</span> <span class='ocrx_word' id='word_1_372' title='bbox 1548 1818 1587 1847; x_wconf 87' lang='lat' dir='ltr'>de</span> <span class='ocrx_word' id='word_1_373' title='bbox 1606 1817 1777 1855; x_wconf 80' lang='lat' dir='ltr'>Terringe‚</span> <span class='ocrx_word' id='word_1_374' title='bbox 1796 1817 1979 1847; x_wconf 84' lang='lat' dir='ltr'>Cicestren.</span> <span class='ocrx_word' id='word_1_375' title='bbox 2001 1817 2059 1852; x_wconf 89' lang='lat' dir='ltr'>di.,</span> <span class='ocrx_word' id='word_1_376' title='bbox 2078 1826 2113 1846; x_wconf 91' lang='lat' dir='ltr'>se</span> 
     </span>
     <span class='ocr_line' id='line_1_44' title="bbox 530 1869 2116 1917; baseline -0.006 -9"><span class='ocrx_word' id='word_1_377' title='bbox 530 1878 626 1917; x_wconf 82' lang='lat' dir='ltr'>gerit,</span> <span class='ocrx_word' id='word_1_378' title='bbox 651 1878 774 1916; x_wconf 78' lang='lat' dir='ltr'>quique</span> <span class='ocrx_word' id='word_1_379' title='bbox 800 1876 939 1905; x_wconf 78' lang='lat' dir='ltr'>violavit</span> <span class='ocrx_word' id='word_1_380' title='bbox 956 1875 1167 1913; x_wconf 83' lang='lat' dir='ltr'>sequestrum</span> <span class='ocrx_word' id='word_1_381' title='bbox 1184 1873 1369 1912; x_wconf 61' lang='lat' dir='ltr'>przebendze</span> <span class='ocrx_word' id='word_1_382' title='bbox 1390 1872 1428 1902; x_wconf 88' lang='lat' dir='ltr'>de</span> <span class='ocrx_word' id='word_1_383' title='bbox 1448 1872 1530 1901; x_wconf 87' lang='lat' dir='ltr'>Bere</span> <span class='ocrx_word' id='word_1_384' title='bbox 1549 1873 1580 1900; x_wconf 89' lang='lat' dir='ltr'>et</span> <span class='ocrx_word' id='word_1_385' title='bbox 1599 1871 1638 1900; x_wconf 85' lang='lat' dir='ltr'>de</span> <span class='ocrx_word' id='word_1_386' title='bbox 1658 1870 1896 1909; x_wconf 87' lang='lat' dir='ltr'>Cliermynstre</span> <span class='ocrx_word' id='word_1_387' title='bbox 1913 1869 1946 1899; x_wconf 91' lang='lat' dir='ltr'>in</span> <span class='ocrx_word' id='word_1_388' title='bbox 1964 1869 2043 1899; x_wconf 80' lang='lat' dir='ltr'>eccl.</span> <span class='ocrx_word' id='word_1_389' title='bbox 2060 1870 2116 1900; x_wconf 81' lang='lat' dir='ltr'>Sa·</span> 
     </span>
     <span class='ocr_line' id='line_1_45' title="bbox 532 1922 2113 1967; baseline -0.006 -6"><span class='ocrx_word' id='word_1_390' title='bbox 532 1930 709 1961; x_wconf 89' lang='lat' dir='ltr'>resbirien.</span> <span class='ocrx_word' id='word_1_391' title='bbox 737 1930 844 1967; x_wconf 85' lang='lat' dir='ltr'>Super</span> <span class='ocrx_word' id='word_1_392' title='bbox 866 1929 939 1966; x_wconf 87' lang='lat' dir='ltr'>ipsa</span> <span class='ocrx_word' id='word_1_393' title='bbox 957 1928 1044 1957; x_wconf 90' lang='lat' dir='ltr'>enim</span> <span class='ocrx_word' id='word_1_394' title='bbox 1070 1936 1155 1965; x_wconf 81' lang='lat' dir='ltr'>mag.</span> <span class='ocrx_word' id='word_1_395' title='bbox 1180 1926 1349 1957; x_wconf 87' lang='lat' dir='ltr'>Robertus</span> <span class='ocrx_word' id='word_1_396' title='bbox 1370 1925 1409 1954; x_wconf 72' lang='lat' dir='ltr'>tle</span> <span class='ocrx_word' id='word_1_397' title='bbox 1427 1925 1545 1960; x_wconf 81' lang='lat' dir='ltr'>Turre,</span> <span class='ocrx_word' id='word_1_398' title='bbox 1573 1924 1611 1953; x_wconf 82' lang='lat' dir='ltr'>de</span> <span class='ocrx_word' id='word_1_399' title='bbox 1637 1923 1750 1959; x_wconf 84' lang='lat' dir='ltr'>Adria,</span> <span class='ocrx_word' id='word_1_400' title='bbox 1776 1931 1846 1952; x_wconf 84' lang='lat' dir='ltr'>can.</span> <span class='ocrx_word' id='word_1_401' title='bbox 1876 1922 2113 1959; x_wconf 80' lang='lat' dir='ltr'>Saresbirien.,</span> 
     </span>
     <span class='ocr_line' id='line_1_46' title="bbox 532 1976 2115 2021; baseline -0.006 -7"><span class='ocrx_word' id='word_1_402' title='bbox 532 1985 570 2014; x_wconf 93' lang='lat' dir='ltr'>P.</span> <span class='ocrx_word' id='word_1_403' title='bbox 588 1984 626 2013; x_wconf 81' lang='lat' dir='ltr'>P.</span> <span class='ocrx_word' id='word_1_404' title='bbox 645 1983 799 2021; x_wconf 80' lang='lat' dir='ltr'>scriptor,</span> <span class='ocrx_word' id='word_1_405' title='bbox 818 1983 932 2012; x_wconf 84' lang='lat' dir='ltr'>contra</span> <span class='ocrx_word' id='word_1_406' title='bbox 949 1981 1139 2011; x_wconf 61' lang='lat' dir='ltr'>XValterum</span> <span class='ocrx_word' id='word_1_407' title='bbox 1155 1980 1193 2009; x_wconf 81' lang='lat' dir='ltr'>de</span> <span class='ocrx_word' id='word_1_408' title='bbox 1211 1978 1344 2014; x_wconf 81' lang='lat' dir='ltr'>Wiviss,</span> <span class='ocrx_word' id='word_1_409' title='bbox 1362 1978 1418 2016; x_wconf 85' lang='lat' dir='ltr'>qui</span> <span class='ocrx_word' id='word_1_410' title='bbox 1439 1986 1498 2016; x_wconf 89' lang='lat' dir='ltr'>pro</span> <span class='ocrx_word' id='word_1_411' title='bbox 1515 1977 1661 2007; x_wconf 76' lang='lat' dir='ltr'>thesaur.</span> <span class='ocrx_word' id='word_1_412' title='bbox 1681 1976 1760 2006; x_wconf 84' lang='lat' dir='ltr'>eccl.</span> <span class='ocrx_word' id='word_1_413' title='bbox 1777 1976 1944 2014; x_wconf 68' lang='lat' dir='ltr'>praedictae</span> <span class='ocrx_word' id='word_1_414' title='bbox 1961 1984 1996 2005; x_wconf 89' lang='lat' dir='ltr'>se</span> <span class='ocrx_word' id='word_1_415' title='bbox 2014 1976 2115 2014; x_wconf 85' lang='lat' dir='ltr'>gerit,</span> 
     </span>
     <span class='ocr_line' id='line_1_47' title="bbox 530 2029 2112 2070; baseline -0.006 -3"><span class='ocrx_word' id='word_1_416' title='bbox 530 2039 600 2067; x_wconf 87' lang='lat' dir='ltr'>tres</span> <span class='ocrx_word' id='word_1_417' title='bbox 617 2036 816 2066; x_wconf 79' lang='lat' dir='ltr'>diffinitivas</span> <span class='ocrx_word' id='word_1_418' title='bbox 834 2034 1018 2064; x_wconf 83' lang='lat' dir='ltr'>sententias</span> <span class='ocrx_word' id='word_1_419' title='bbox 1035 2034 1068 2062; x_wconf 89' lang='lat' dir='ltr'>in</span> <span class='ocrx_word' id='word_1_420' title='bbox 1083 2033 1211 2062; x_wconf 84' lang='lat' dir='ltr'>Palatio</span> <span class='ocrx_word' id='word_1_421' title='bbox 1224 2033 1329 2070; x_wconf 84' lang='lat' dir='ltr'>apost.</span> <span class='ocrx_word' id='word_1_422' title='bbox 1347 2030 1547 2070; x_wconf 83' lang='lat' dir='ltr'>reportavit‚·</span> <span class='ocrx_word' id='word_1_423' title='bbox 1566 2032 1598 2060; x_wconf 90' lang='lat' dir='ltr'>et</span> <span class='ocrx_word' id='word_1_424' title='bbox 1610 2032 1731 2065; x_wconf 83' lang='lat' dir='ltr'>tamen,</span> <span class='ocrx_word' id='word_1_425' title='bbox 1754 2029 1812 2059; x_wconf 86' lang='lat' dir='ltr'>lite</span> <span class='ocrx_word' id='word_1_426' title='bbox 1829 2029 2005 2067; x_wconf 81' lang='lat' dir='ltr'>pendente,</span> <span class='ocrx_word' id='word_1_427' title='bbox 2023 2029 2112 2058; x_wconf 86' lang='lat' dir='ltr'>idem</span> 
     </span>
     <span class='ocr_line' id='line_1_48' title="bbox 532 2083 2118 2124; baseline -0.006 -5"><span class='ocrx_word' id='word_1_428' title='bbox 532 2090 677 2120; x_wconf 83' lang='lat' dir='ltr'>Thomas</span> <span class='ocrx_word' id='word_1_429' title='bbox 695 2088 849 2119; x_wconf 62' lang='lat' dir='ltr'>szeculari</span> <span class='ocrx_word' id='word_1_430' title='bbox 865 2088 994 2117; x_wconf 83' lang='lat' dir='ltr'>favente</span> <span class='ocrx_word' id='word_1_431' title='bbox 1012 2086 1159 2124; x_wconf 88' lang='lat' dir='ltr'>potentia</span> <span class='ocrx_word' id='word_1_432' title='bbox 1175 2086 1209 2115; x_wconf 89' lang='lat' dir='ltr'>in</span> <span class='ocrx_word' id='word_1_433' title='bbox 1224 2085 1331 2123; x_wconf 83' lang='lat' dir='ltr'>ipsam</span> <span class='ocrx_word' id='word_1_434' title='bbox 1349 2093 1383 2114; x_wconf 89' lang='lat' dir='ltr'>se</span> <span class='ocrx_word' id='word_1_435' title='bbox 1399 2084 1547 2119; x_wconf 85' lang='lat' dir='ltr'>intrusit,</span> <span class='ocrx_word' id='word_1_436' title='bbox 1563 2084 1594 2113; x_wconf 91' lang='lat' dir='ltr'>et</span> <span class='ocrx_word' id='word_1_437' title='bbox 1612 2083 1741 2112; x_wconf 83' lang='lat' dir='ltr'>fructus</span> <span class='ocrx_word' id='word_1_438' title='bbox 1758 2084 1988 2120; x_wconf 83' lang='lat' dir='ltr'>sequestratos</span> <span class='ocrx_word' id='word_1_439' title='bbox 2006 2090 2118 2120; x_wconf 88' lang='lat' dir='ltr'>perce-</span> 
     </span>
     <span class='ocr_line' id='line_1_49' title="bbox 532 2140 1218 2182; baseline -0.004 -10"><span class='ocrx_word' id='word_1_440' title='bbox 532 2143 591 2182; x_wconf 86' lang='lat' dir='ltr'>pit.</span> <span class='ocrx_word' id='word_1_441' title='bbox 611 2142 660 2180; x_wconf 84' lang='lat' dir='ltr'>(V.</span> <span class='ocrx_word' id='word_1_442' title='bbox 680 2142 746 2177; x_wconf 78' lang='lat'><strong>129,</strong></span> <span class='ocrx_word' id='word_1_443' title='bbox 765 2150 797 2171; x_wconf 88' lang='grc'>11.</span> <span class='ocrx_word' id='word_1_444' title='bbox 814 2142 887 2175; x_wconf 72' lang='lat'>4973</span> <span class='ocrx_word' id='word_1_445' title='bbox 906 2140 1007 2175; x_wconf 83' lang='lat' dir='ltr'>Bliss,</span> <span class='ocrx_word' id='word_1_446' title='bbox 1024 2140 1066 2176; x_wconf 85' lang='lat' dir='ltr'>II,</span> <span class='ocrx_word' id='word_1_447' title='bbox 1084 2148 1116 2178; x_wconf 87' lang='lat' dir='ltr'>p.</span> <span class='ocrx_word' id='word_1_448' title='bbox 1134 2140 1218 2176; x_wconf 79' lang='lat'>555.)</span> 
     </span>
    </p>

    <p class='ocr_par' dir='ltr' id='par_1_14' title="bbox 530 2188 2119 2390">
     <span class='ocr_line' id='line_1_50' title="bbox 576 2188 2119 2233; baseline -0.004 -10"><span class='ocrx_word' id='word_1_449' title='bbox 576 2197 586 2206; x_wconf 80' lang='lat'>¹</span> <span class='ocrx_word' id='word_1_450' title='bbox 613 2193 722 2223; x_wconf 80' lang='lat'>9131.</span> <span class='ocrx_word' id='word_1_451' title='bbox 743 2213 779 2217; x_wconf 95' lang='lat'>—</span> <span class='ocrx_word' id='word_1_452' title='bbox 798 2194 882 2233; x_wconf 84' lang='lat' dir='ltr'>Ep.o</span> <span class='ocrx_word' id='word_1_453' title='bbox 904 2193 1082 2227; x_wconf 54' lang='lat' dir='ltr'>manaem,</span> <span class='ocrx_word' id='word_1_454' title='bbox 1104 2193 1213 2222; x_wconf 86' lang='lat' dir='ltr'>mand.</span> <span class='ocrx_word' id='word_1_455' title='bbox 1233 2193 1266 2221; x_wconf 86' lang='lat' dir='ltr'>ut</span> <span class='ocrx_word' id='word_1_456' title='bbox 1285 2200 1385 2230; x_wconf 88' lang='lat' dir='ltr'>super</span> <span class='ocrx_word' id='word_1_457' title='bbox 1403 2190 1604 2229; x_wconf 79' lang='lat' dir='ltr'>quibusdam</span> <span class='ocrx_word' id='word_1_458' title='bbox 1628 2189 1824 2219; x_wconf 77' lang='lat' dir='ltr'>excessibus</span> <span class='ocrx_word' id='word_1_459' title='bbox 1841 2188 2042 2226; x_wconf 81' lang='lat' dir='ltr'>perpetratis</span> <span class='ocrx_word' id='word_1_460' title='bbox 2061 2196 2119 2226; x_wconf 91' lang='lat' dir='ltr'>per</span> 
     </span>
     <span class='ocr_line' id='line_1_51' title="bbox 530 2241 2119 2288; baseline -0.006 -9"><span class='ocrx_word' id='word_1_461' title='bbox 530 2249 735 2288; x_wconf 85' lang='lat' dir='ltr'>justitiarios</span> <span class='ocrx_word' id='word_1_462' title='bbox 753 2249 784 2277; x_wconf 88' lang='lat' dir='ltr'>et</span> <span class='ocrx_word' id='word_1_463' title='bbox 800 2247 983 2285; x_wconf 82' lang='lat' dir='ltr'>burgenses</span> <span class='ocrx_word' id='word_1_464' title='bbox 1002 2246 1091 2276; x_wconf 89' lang='lat' dir='ltr'>civit.</span> <span class='ocrx_word' id='word_1_465' title='bbox 1111 2246 1232 2275; x_wconf 89' lang='lat' dir='ltr'>Meten.</span> <span class='ocrx_word' id='word_1_466' title='bbox 1253 2245 1367 2275; x_wconf 80' lang='lat' dir='ltr'>contra</span> <span class='ocrx_word' id='word_1_467' title='bbox 1387 2244 1463 2282; x_wconf 81' lang='lat' dir='ltr'>jura</span> <span class='ocrx_word' id='word_1_468' title='bbox 1488 2243 1567 2273; x_wconf 87' lang='lat' dir='ltr'>eccl.</span> <span class='ocrx_word' id='word_1_469' title='bbox 1587 2244 1617 2272; x_wconf 91' lang='lat' dir='ltr'>et</span> <span class='ocrx_word' id='word_1_470' title='bbox 1641 2242 1825 2272; x_wconf 85' lang='lat' dir='ltr'>ecclesiast.</span> <span class='ocrx_word' id='word_1_471' title='bbox 1845 2241 2048 2276; x_wconf 83' lang='lat' dir='ltr'>libertatem,</span> <span class='ocrx_word' id='word_1_472' title='bbox 2068 2241 2119 2270; x_wconf 88' lang='lat' dir='ltr'>in-</span> 
     </span>
     <span class='ocr_line' id='line_1_52' title="bbox 534 2294 2117 2338; baseline -0.006 -6"><span class='ocrx_word' id='word_1_473' title='bbox 534 2302 733 2332; x_wconf 83' lang='lat' dir='ltr'>formatione</span> <span class='ocrx_word' id='word_1_474' title='bbox 758 2302 900 2338; x_wconf 83' lang='lat' dir='ltr'>recepta,</span> <span class='ocrx_word' id='word_1_475' title='bbox 928 2299 1025 2329; x_wconf 77' lang='lat' dir='ltr'>faciat</span> <span class='ocrx_word' id='word_1_476' title='bbox 1043 2299 1131 2337; x_wconf 88' lang='lat' dir='ltr'>quod</span> <span class='ocrx_word' id='word_1_477' title='bbox 1154 2298 1193 2328; x_wconf 91' lang='lat' dir='ltr'>de</span> <span class='ocrx_word' id='word_1_478' title='bbox 1215 2298 1290 2337; x_wconf 88' lang='lat' dir='ltr'>jure</span> <span class='ocrx_word' id='word_1_479' title='bbox 1318 2297 1418 2328; x_wconf 84' lang='lat' dir='ltr'>fuerit</span> <span class='ocrx_word' id='word_1_480' title='bbox 1444 2296 1644 2326; x_wconf 80' lang='lat' dir='ltr'>faciendum.</span> <span class='ocrx_word' id='word_1_481' title='bbox 1674 2295 1727 2335; x_wconf 90' lang='lat' dir='ltr'>(V.</span> <span class='ocrx_word' id='word_1_482' title='bbox 1755 2296 1822 2331; x_wconf 86' lang='lat'><strong>129,</strong></span> <span class='ocrx_word' id='word_1_483' title='bbox 1848 2303 1879 2324; x_wconf 89' lang='lat' dir='ltr'>n.</span> <span class='ocrx_word' id='word_1_484' title='bbox 1903 2295 1977 2329; x_wconf 75' lang='lat'>5103</span> <span class='ocrx_word' id='word_1_485' title='bbox 2002 2294 2117 2324; x_wconf 84' lang='lat' dir='ltr'>Sauer-</span> 
     </span>
     <span class='ocr_line' id='line_1_53' title="bbox 534 2355 726 2390; baseline -0.01 -5"><span class='ocrx_word' id='word_1_486' title='bbox 534 2355 624 2390; x_wconf 88' lang='lat' dir='ltr'>land,</span> <span class='ocrx_word' id='word_1_487' title='bbox 643 2355 726 2388; x_wconf 83' lang='lat'>785.)</span> 
     </span>
    </p>

    <p class='ocr_par' dir='ltr' id='par_1_15' title="bbox 535 2399 2123 2875">
     <span class='ocr_line' id='line_1_54' title="bbox 578 2399 2121 2445; baseline -0.005 -10"><span class='ocrx_word' id='word_1_488' title='bbox 578 2404 687 2435; x_wconf 81' lang='lat'>9132.</span> <span class='ocrx_word' id='word_1_489' title='bbox 708 2423 745 2426; x_wconf 78' lang='lat'>—</span> <span class='ocrx_word' id='word_1_490' title='bbox 764 2406 849 2445; x_wconf 82' lang='lat' dir='ltr'>Ep.0</span> <span class='ocrx_word' id='word_1_491' title='bbox 866 2404 1049 2439; x_wconf 76' lang='lat' dir='ltr'>Nannelen.,</span> <span class='ocrx_word' id='word_1_492' title='bbox 1066 2409 1094 2434; x_wconf 81' lang='lat' dir='ltr'>el</span> <span class='ocrx_word' id='word_1_493' title='bbox 1111 2403 1239 2434; x_wconf 79' lang='lat' dir='ltr'>Geraldo</span> <span class='ocrx_word' id='word_1_494' title='bbox 1258 2403 1386 2438; x_wconf 69' lang='lat' dir='ltr'>Iudicis,</span> <span class='ocrx_word' id='word_1_495' title='bbox 1406 2413 1440 2432; x_wconf 82' lang='lat' dir='ltr'>ac</span> <span class='ocrx_word' id='word_1_496' title='bbox 1458 2403 1549 2431; x_wconf 67' lang='lat' dir='ltr'>Petro</span> <span class='ocrx_word' id='word_1_497' title='bbox 1565 2401 1601 2432; x_wconf 84' lang='lat' dir='ltr'>de</span> <span class='ocrx_word' id='word_1_498' title='bbox 1619 2400 1784 2435; x_wconf 72' lang='lat' dir='ltr'>Guillzosio,</span> <span class='ocrx_word' id='word_1_499' title='bbox 1808 2400 1961 2430; x_wconf 79' lang='lat' dir='ltr'>canonicis</span> <span class='ocrx_word' id='word_1_500' title='bbox 1977 2399 2121 2438; x_wconf 72' lang='lat' dir='ltr'>Andeya-</span> 
     </span>
     <span class='ocr_line' id='line_1_55' title="bbox 535 2453 2119 2496; baseline -0.005 -6"><span class='ocrx_word' id='word_1_501' title='bbox 535 2470 614 2496; x_wconf 59' lang='lat' dir='ltr'>ven„</span> <span class='ocrx_word' id='word_1_502' title='bbox 630 2459 741 2490; x_wconf 80' lang='lat' dir='ltr'>mand.</span> <span class='ocrx_word' id='word_1_503' title='bbox 760 2460 795 2489; x_wconf 91' lang='lat' dir='ltr'>ut</span> <span class='ocrx_word' id='word_1_504' title='bbox 816 2458 1012 2492; x_wconf 61' lang='lat' dir='ltr'>Amandum,</span> <span class='ocrx_word' id='word_1_505' title='bbox 1029 2457 1102 2488; x_wconf 88' lang='lat' dir='ltr'>abb.</span> <span class='ocrx_word' id='word_1_506' title='bbox 1121 2460 1263 2488; x_wconf 84' lang='lat' dir='ltr'>monast.</span> <span class='ocrx_word' id='word_1_507' title='bbox 1282 2466 1309 2487; x_wconf 90' lang='lat' dir='ltr'>s.</span> <span class='ocrx_word' id='word_1_508' title='bbox 1330 2457 1373 2487; x_wconf 92' lang='lat' dir='ltr'>M.</span> <span class='ocrx_word' id='word_1_509' title='bbox 1396 2456 1435 2486; x_wconf 88' lang='lat' dir='ltr'>de</span> <span class='ocrx_word' id='word_1_510' title='bbox 1452 2455 1579 2490; x_wconf 68' lang='grc'>(1311113,</span> <span class='ocrx_word' id='word_1_511' title='bbox 1596 2454 1633 2485; x_wconf 95' lang='lat' dir='ltr'>O.</span> <span class='ocrx_word' id='word_1_512' title='bbox 1651 2454 1684 2485; x_wconf 69' lang='lat' dir='ltr'>S,</span> <span class='ocrx_word' id='word_1_513' title='bbox 1707 2454 1759 2490; x_wconf 78' lang='lat' dir='ltr'>B.‚</span> <span class='ocrx_word' id='word_1_514' title='bbox 1777 2454 1963 2485; x_wconf 87' lang='lat' dir='ltr'>Nanneten.</span> <span class='ocrx_word' id='word_1_515' title='bbox 1982 2453 2040 2489; x_wconf 89' lang='lat' dir='ltr'>di.,</span> <span class='ocrx_word' id='word_1_516' title='bbox 2059 2461 2119 2482; x_wconf 88' lang='lat' dir='ltr'>seu</span> 
     </span>
     <span class='ocr_line' id='line_1_56' title="bbox 535 2506 2115 2552; baseline -0.006 -9"><span class='ocrx_word' id='word_1_517' title='bbox 535 2514 786 2552; x_wconf 84' lang='lat' dir='ltr'>procuratorem</span> <span class='ocrx_word' id='word_1_518' title='bbox 809 2511 881 2550; x_wconf 84' lang='lat' dir='ltr'>ejus</span> <span class='ocrx_word' id='word_1_519' title='bbox 903 2511 1062 2541; x_wconf 84' lang='lat' dir='ltr'>inducant</span> <span class='ocrx_word' id='word_1_520' title='bbox 1079 2510 1113 2540; x_wconf 92' lang='lat' dir='ltr'>in</span> <span class='ocrx_word' id='word_1_521' title='bbox 1133 2510 1341 2549; x_wconf 83' lang='lat' dir='ltr'>corporalem</span> <span class='ocrx_word' id='word_1_522' title='bbox 1363 2509 1614 2548; x_wconf 86' lang='lat' dir='ltr'>possessionem</span> <span class='ocrx_word' id='word_1_523' title='bbox 1636 2507 1716 2538; x_wconf 88' lang='lat' dir='ltr'>dicti</span> <span class='ocrx_word' id='word_1_524' title='bbox 1732 2507 1876 2537; x_wconf 85' lang='lat' dir='ltr'>monast.</span> <span class='ocrx_word' id='word_1_525' title='bbox 1903 2507 1935 2536; x_wconf 88' lang='lat' dir='ltr'>et</span> <span class='ocrx_word' id='word_1_526' title='bbox 1951 2506 2115 2536; x_wconf 87' lang='lat' dir='ltr'>bonorum</span> 
     </span>
     <span class='ocr_line' id='line_1_57' title="bbox 535 2559 2119 2606; baseline -0.006 -10"><span class='ocrx_word' id='word_1_527' title='bbox 535 2566 656 2606; x_wconf 86' lang='lat' dir='ltr'>ipsius,</span> <span class='ocrx_word' id='word_1_528' title='bbox 681 2567 713 2596; x_wconf 88' lang='lat' dir='ltr'>et</span> <span class='ocrx_word' id='word_1_529' title='bbox 735 2564 915 2595; x_wconf 86' lang='lat' dir='ltr'>defendant</span> <span class='ocrx_word' id='word_1_530' title='bbox 930 2564 1115 2600; x_wconf 80' lang='lat' dir='ltr'>inductum,</span> <span class='ocrx_word' id='word_1_531' title='bbox 1138 2563 1259 2594; x_wconf 87' lang='lat' dir='ltr'>amotis</span> <span class='ocrx_word' id='word_1_532' title='bbox 1281 2561 1488 2602; x_wconf 86' lang='lat' dir='ltr'>quibuslibet</span> <span class='ocrx_word' id='word_1_533' title='bbox 1504 2560 1749 2596; x_wconf 73' lang='lat' dir='ltr'>detentoribus3</span> <span class='ocrx_word' id='word_1_534' title='bbox 1771 2568 1860 2596; x_wconf 89' lang='lat' dir='ltr'>nam,</span> <span class='ocrx_word' id='word_1_535' title='bbox 1877 2560 1913 2589; x_wconf 86' lang='lat' dir='ltr'>ut</span> <span class='ocrx_word' id='word_1_536' title='bbox 1929 2559 2001 2597; x_wconf 90' lang='lat' dir='ltr'>ipse</span> <span class='ocrx_word' id='word_1_537' title='bbox 2018 2566 2119 2596; x_wconf 79' lang='lat' dir='ltr'>expo·</span> 
     </span>
     <span class='ocr_line' id='line_1_58' title="bbox 536 2610 2118 2655; baseline -0.006 -5"><span class='ocrx_word' id='word_1_538' title='bbox 536 2620 616 2655; x_wconf 86' lang='lat' dir='ltr'>suit,</span> <span class='ocrx_word' id='word_1_539' title='bbox 630 2619 791 2654; x_wconf 85' lang='lat' dir='ltr'>Joannes,</span> <span class='ocrx_word' id='word_1_540' title='bbox 809 2625 836 2647; x_wconf 88' lang='lat' dir='ltr'>s.</span> <span class='ocrx_word' id='word_1_541' title='bbox 852 2616 1036 2647; x_wconf 87' lang='lat' dir='ltr'>Salvatoris</span> <span class='ocrx_word' id='word_1_542' title='bbox 1051 2616 1250 2652; x_wconf 61' lang='lat' dir='ltr'>Rothonen„</span> <span class='ocrx_word' id='word_1_543' title='bbox 1268 2616 1349 2646; x_wconf 87' lang='lat' dir='ltr'>dicti</span> <span class='ocrx_word' id='word_1_544' title='bbox 1362 2616 1446 2650; x_wconf 76' lang='lat' dir='ltr'>ord,</span> <span class='ocrx_word' id='word_1_545' title='bbox 1463 2615 1625 2646; x_wconf 88' lang='lat' dir='ltr'>Veneten.</span> <span class='ocrx_word' id='word_1_546' title='bbox 1643 2613 1702 2650; x_wconf 90' lang='lat' dir='ltr'>di.,</span> <span class='ocrx_word' id='word_1_547' title='bbox 1721 2613 1803 2643; x_wconf 85' lang='lat' dir='ltr'>olim</span> <span class='ocrx_word' id='word_1_548' title='bbox 1819 2612 1925 2651; x_wconf 88' lang='lat' dir='ltr'>ejusd.</span> <span class='ocrx_word' id='word_1_549' title='bbox 1944 2612 1984 2642; x_wconf 90' lang='lat' dir='ltr'>de</span> <span class='ocrx_word' id='word_1_550' title='bbox 2001 2610 2118 2642; x_wconf 89' lang='lat' dir='ltr'>Calma</span> 
     </span>
     <span class='ocr_line' id='line_1_59' title="bbox 536 2663 2123 2706; baseline -0.006 -3"><span class='ocrx_word' id='word_1_551' title='bbox 536 2673 681 2702; x_wconf 88' lang='lat' dir='ltr'>monast.</span> <span class='ocrx_word' id='word_1_552' title='bbox 700 2670 815 2706; x_wconf 84' lang='lat' dir='ltr'>abbaS,</span> <span class='ocrx_word' id='word_1_553' title='bbox 832 2671 863 2700; x_wconf 85' lang='lat' dir='ltr'>et</span> <span class='ocrx_word' id='word_1_554' title='bbox 879 2669 956 2700; x_wconf 89' lang='lat' dir='ltr'>nob.</span> <span class='ocrx_word' id='word_1_555' title='bbox 972 2669 1136 2701; x_wconf 88' lang='lat' dir='ltr'>Geraldus</span> <span class='ocrx_word' id='word_1_556' title='bbox 1152 2670 1191 2700; x_wconf 90' lang='lat' dir='ltr'>de</span> <span class='ocrx_word' id='word_1_557' title='bbox 1207 2669 1423 2704; x_wconf 82' lang='lat' dir='ltr'>Machaeolio,</span> <span class='ocrx_word' id='word_1_558' title='bbox 1444 2668 1600 2698; x_wconf 89' lang='lat' dir='ltr'>dominus</span> <span class='ocrx_word' id='word_1_559' title='bbox 1616 2666 1837 2701; x_wconf 84' lang='lat' dir='ltr'>Radifiarum,</span> <span class='ocrx_word' id='word_1_560' title='bbox 1856 2665 1951 2695; x_wconf 80' lang='lat' dir='ltr'>dictae</span> <span class='ocrx_word' id='word_1_561' title='bbox 1967 2664 2011 2694; x_wconf 89' lang='lat' dir='ltr'>di.</span> <span class='ocrx_word' id='word_1_562' title='bbox 2032 2663 2123 2694; x_wconf 89' lang='lat' dir='ltr'>Nan—</span> 
     </span>
     <span class='ocr_line' id='line_1_60' title="bbox 536 2717 2123 2763; baseline -0.006 -9"><span class='ocrx_word' id='word_1_563' title='bbox 536 2726 661 2760; x_wconf 67' lang='lat' dir='ltr'>neten„</span> <span class='ocrx_word' id='word_1_564' title='bbox 683 2723 741 2763; x_wconf 84' lang='lat' dir='ltr'>qui</span> <span class='ocrx_word' id='word_1_565' title='bbox 764 2731 799 2753; x_wconf 86' lang='lat' dir='ltr'>se</span> <span class='ocrx_word' id='word_1_566' title='bbox 814 2724 993 2761; x_wconf 81' lang='lat' dir='ltr'>patronum</span> <span class='ocrx_word' id='word_1_567' title='bbox 1008 2724 1040 2753; x_wconf 90' lang='lat' dir='ltr'>et</span> <span class='ocrx_word' id='word_1_568' title='bbox 1059 2722 1290 2762; x_wconf 86' lang='lat' dir='ltr'>progenitores</span> <span class='ocrx_word' id='word_1_569' title='bbox 1310 2730 1389 2752; x_wconf 90' lang='lat' dir='ltr'>suos</span> <span class='ocrx_word' id='word_1_570' title='bbox 1405 2721 1599 2751; x_wconf 87' lang='lat' dir='ltr'>fundatores</span> <span class='ocrx_word' id='word_1_571' title='bbox 1616 2719 1697 2750; x_wconf 83' lang='lat' dir='ltr'>dicti</span> <span class='ocrx_word' id='word_1_572' title='bbox 1713 2720 1856 2749; x_wconf 89' lang='lat' dir='ltr'>monast.</span> <span class='ocrx_word' id='word_1_573' title='bbox 1875 2717 1915 2747; x_wconf 90' lang='lat' dir='ltr'>de</span> <span class='ocrx_word' id='word_1_574' title='bbox 1933 2717 2049 2748; x_wconf 86' lang='lat' dir='ltr'>Calma</span> <span class='ocrx_word' id='word_1_575' title='bbox 2068 2725 2123 2746; x_wconf 87' lang='lat' dir='ltr'>as-</span> 
     </span>
     <span class='ocr_line' id='line_1_61' title="bbox 538 2769 2122 2816; baseline -0.006 -9"><span class='ocrx_word' id='word_1_576' title='bbox 538 2778 631 2812; x_wconf 86' lang='lat' dir='ltr'>serit,</span> <span class='ocrx_word' id='word_1_577' title='bbox 657 2785 716 2816; x_wconf 90' lang='lat' dir='ltr'>per</span> <span class='ocrx_word' id='word_1_578' title='bbox 740 2785 776 2807; x_wconf 87' lang='lat' dir='ltr'>se</span> <span class='ocrx_word' id='word_1_579' title='bbox 799 2777 830 2806; x_wconf 83' lang='lat' dir='ltr'>et</span> <span class='ocrx_word' id='word_1_580' title='bbox 846 2776 962 2814; x_wconf 86' lang='lat' dir='ltr'>gentes</span> <span class='ocrx_word' id='word_1_581' title='bbox 979 2784 1058 2806; x_wconf 86' lang='lat' dir='ltr'>suas</span> <span class='ocrx_word' id='word_1_582' title='bbox 1080 2776 1260 2815; x_wconf 86' lang='lat' dir='ltr'>quominus</span> <span class='ocrx_word' id='word_1_583' title='bbox 1278 2775 1387 2806; x_wconf 89' lang='lat' dir='ltr'>dictus</span> <span class='ocrx_word' id='word_1_584' title='bbox 1407 2773 1578 2805; x_wconf 87' lang='lat' dir='ltr'>Arnaldus</span> <span class='ocrx_word' id='word_1_585' title='bbox 1603 2772 1854 2812; x_wconf 86' lang='lat' dir='ltr'>possessionem</span> <span class='ocrx_word' id='word_1_586' title='bbox 1874 2769 1994 2800; x_wconf 86' lang='lat' dir='ltr'>habeat</span> <span class='ocrx_word' id='word_1_587' title='bbox 2016 2769 2122 2807; x_wconf 88' lang='lat' dir='ltr'>impe-</span> 
     </span>
     <span class='ocr_line' id='line_1_62' title="bbox 538 2823 2118 2875; baseline -0.006 -15"><span class='ocrx_word' id='word_1_588' title='bbox 538 2839 644 2875; x_wconf 58' lang='lat' dir='ltr'>diunt,</span> <span class='ocrx_word' id='word_1_589' title='bbox 669 2840 700 2869; x_wconf 59' lang='lat' dir='ltr'>et</span> <span class='ocrx_word' id='word_1_590' title='bbox 720 2838 829 2868; x_wconf 66' lang='lat' dir='ltr'>dictus</span> <span class='ocrx_word' id='word_1_591' title='bbox 852 2828 977 2868; x_wconf 74' lang='lat' dir='ltr'>nobilis</span> <span class='ocrx_word' id='word_1_592' title='bbox 1002 2830 1166 2867; x_wconf 81' lang='lat' dir='ltr'>praetextu</span> <span class='ocrx_word' id='word_1_593' title='bbox 1191 2830 1387 2868; x_wconf 86' lang='lat' dir='ltr'>patronatus</span> <span class='ocrx_word' id='word_1_594' title='bbox 1418 2828 1505 2858; x_wconf 88' lang='lat' dir='ltr'>bona</span> <span class='ocrx_word' id='word_1_595' title='bbox 1527 2827 1606 2857; x_wconf 90' lang='lat' dir='ltr'>dicti</span> <span class='ocrx_word' id='word_1_596' title='bbox 1631 2827 1774 2856; x_wconf 87' lang='lat' dir='ltr'>monast.</span> <span class='ocrx_word' id='word_1_597' title='bbox 1800 2824 1925 2854; x_wconf 85' lang='lat' dir='ltr'>detinet</span> <span class='ocrx_word' id='word_1_598' title='bbox 1948 2823 2118 2860; x_wconf 85' lang='lat' dir='ltr'>occupata.</span> 
     </span>
    </p>
   </div>
   <div class='ocr_carea' id='block_1_11' title="bbox 539 2890 830 2930">
    <p class='ocr_par' dir='ltr' id='par_1_16' title="bbox 539 2890 830 2930">
     <span class='ocr_line' id='line_1_63' title="bbox 539 2890 830 2930; baseline -0.007 -7"><span class='ocrx_word' id='word_1_599' title='bbox 539 2892 590 2930; x_wconf 84' lang='lat' dir='ltr'>(V.</span> <span class='ocrx_word' id='word_1_600' title='bbox 614 2893 681 2928; x_wconf 76' lang='lat'><strong>129,</strong></span> <span class='ocrx_word' id='word_1_601' title='bbox 699 2900 731 2922; x_wconf 87' lang='lat' dir='ltr'>n.</span> <span class='ocrx_word' id='word_1_602' title='bbox 746 2890 830 2929; x_wconf 85' lang='lat'>506.)</span> 
     </span>
    </p>
   </div>
  </div>
 </body>
</html>
