2376 3334
194 270 253 299 296

226 358 325 382 bulum
349 350 527 383 Az‘em'one.

310 719 347 744 :30
366 720 440 743 maii.

270 762 482 795 (1111131100.)

325 1035 432 1066 111011.

251 1085 336 1109 (1.1’111
360 1079 499 1113 1111111111.)

318 1247 352 1272 ’15
367 1247 432 1279 jun.

261 1296 334 1320 (xx'ti
351 1290 489 1326 11.-111111.)

333 1565 363 1591 Ut
389 1574 410 1590 s,

334 1778 365 1803 [t
385 1786 406 1803 5.

333 2043 362 2068 U
383 2052 405 2069 5.

331 2308 366 2335 Ut
382 2317 404 2334 s.

332 2570 366 2597 Ut
384 2579 406 2597 s.

332 2729 367 2756 Ut
384 2738 407 2755 5.

616 265 771 295 mcxliii.
797 265 860 294 xli
883 281 920 285 —
938 264 1142 294 LITTERAE
1167 264 1226 294 DE
1249 263 1397 294 CURIA.
1417 281 1454 285 ——
1472 264 1581 294 ANNI
1606 264 1647 293 vl
1671 264 1791 302 11340)

617 453 704 483 rium
723 456 750 482 cl
777 452 966 482 volatilium
984 460 1094 481 0503111
1114 452 1300 482 derelictis:
1326 452 1393 481 imo
1417 451 1573 481 custodes
1590 451 1793 489 deputarunt
1813 451 1869 490 qui
1895 460 1959 481 non
1977 452 2211 490 permitterent

618 506 675 535 illa
694 514 832 544 corpora
850 505 999 543 sepeliri.
1025 507 1222 535 Sanctorum
1243 507 1354 534 autem
1372 504 1547 542 reliquias,
1569 513 1696 540 cruces,
1716 504 1849 540 calices,
1866 505 2062 542 paramenta
2078 504 2211 542 pontifi-

589 563 591 566 '
615 559 712 591 calixt.
746 560 919 596 totumque
950 558 1145 587 thesaurum
1169 558 1249 588 eccl.
1277 558 1455 596 omniaque
1483 556 1571 587 bona
1589 557 1695 595 ejusd.
1719 557 1786 595 ep.i
1807 557 1840 586 in
1857 557 1985 587 eisdem
2006 557 2162 587 domibus
2178 559 2211 588 et

616 614 710 641 extra
741 620 823 640 ausu
850 610 1013 649 sacrilego
1038 613 1233 649 rapuerunt,
1251 611 1532 649 adsportaverunt
1550 611 1581 639 et
1599 610 1686 640 inter
1704 619 1738 640 se
1758 610 1958 640 diviserunt.
1977 610 2031 648 (A.
2045 611 2095 644 54,
2114 610 2136 639 f.
2154 612 2210 645 253

621 664 651 692 V.
676 665 740 694 128.
762 673 792 693 11.
813 663 898 693 ’12110
914 666 990 701 cur.)

660 714 769 744 8210.
794 735 831 738 —-
849 717 1032 755 Arclziepjs,
1049 722 1074 746 et
1093 717 1206 746 ca’leris
1219 717 1354 756 personis
1371 716 1441 745 eccl.
1461 717 1548 756 requi
1562 717 1709 751 Francia,
1725 720 1780 745 etc.
1796 716 1980 746 Amovetur
1996 716 2211 746 interdictum

616 770 719 799 latum
741 772 856 799 contra
885 770 1038 799 civitates
1061 772 1093 799 et
1116 770 1187 800 loca
1205 770 1237 799 in
1255 769 1380 808 quibus
1397 770 1527 799 nobiles
1547 769 1726 800 Nicolinus
1756 770 1788 799 et
1806 768 1944 800 Gabriel
1961 769 2000 798 de
2018 769 2142 804 Flisco,
2171 770 2210 799 de

614 824 733 858 Janna,
753 825 784 852 et
807 823 959 852 Andreas
981 823 1020 852 110
1043 823 1163 857 5311113,
1184 832 1299 852 eorum
1325 823 1443 856 famil„
1467 823 1594 852 detenti
1613 823 1747 852 suerunt
1764 822 1905 860 captivi3
1924 821 2104 860 Philippus
2121 822 2211 852 enim

616 885 673 905 rex
691 877 896 905 Francorum
915 876 952 905 P.
966 876 1002 905 P.
1019 876 1156 914 scripsit
1174 876 1273 914 quod,
1293 885 1393 914 quam
1408 876 1472 905 cito
1491 875 1619 905 audivit
1635 876 1743 905 dictos
1759 876 1875 914 captos
1889 875 1923 904 in
1936 883 2036 914 regno
2051 883 2111 904 suo
2122 875 2210 904 exis-

617 932 696 964 tere,
715 930 829 958 statim
855 929 1027 958 mandavit
1044 931 1079 959 ut
1100 929 1164 967 ipsi
1181 929 1222 958 ad
1240 929 1318 958 Ρ.Ρ.
1336 929 1552 967 prasentiani
1569 929 1820 958 reducerentur.
1838 928 1888 963 (A.
1901 929 1950 964 54,
1971 928 1991 957 f.
2011 929 2065 963 263
2086 928 2121 958 V.
2141 928 2208 964 128,

617 991 646 1011 11.
671 982 755 1011 13111ἃ
767 991 851 1012 ewa:
875 984 939 1015 235,
960 983 981 1011 1.
1003 983 1060 1012 100
1075 988 1115 1017 v‘',
1132 991 1163 1011 11.
1181 984 1255 1012 267;
1273 982 1313 1011 01.
1329 991 1361 1011 n.
1378 982 1468 1017 8235,
1481 983 1571 1015 8236,
1584 982 1674 1017 8238,
1688 983 1778 1017 8250,
1798 982 1876 1011 8293
1889 990 1895 1017 ;
1910 982 2067 1017 Daumet,
2080 990 2112 1010 n.
2128 980 2212 1019 722.)

662 1035 669 1042 ¹
689 1032 797 1062 8211.
814 1053 850 1056 —
862 1035 913 1064 Ad
925 1045 1016 1074 perp.
1030 1035 1073 1064 rei
1088 1045 1172 1064 mem.
1190 1035 1349 1070 Quaedam
1367 1035 1578 1073 supplentur,
1599 1035 1828 1071 moderantur,
1847 1034 2060 1064 declarantur
2077 1036 2109 1064 et
2124 1033 2210 1064 ordi-

617 1091 736 1118 nantur
756 1089 789 1117 in
813 1089 913 1118 certis
931 1088 1090 1127 capitulis
1106 1089 1297 1117 litterarum
1317 1097 1418 1126 super
1437 1087 1710 1117 reconciliatione
1731 1087 1821 1117 civit.
1842 1087 2027 1117 Bononien.
2047 1087 2210 1117 confecta-

618 1151 702 1171 rum.
732 1141 785 1179 (1⁷.
812 1143 879 1177 128,
898 1151 930 1171 11.
950 1143 987 1171 48
1004 1142 1037 1170 de
1056 1151 1140 1170 cmx:
1159 1142 1200 1171 cf.
1222 1150 1253 1170 n.
1270 1143 1349 1171 6422
1364 1143 1394 1171 et
1412 1149 1495 1179 seq„
1514 1142 1608 1177 8356,
1626 1140 1783 1177 Theiner,
1805 1140 1877 1170 Cod.
1897 1139 1974 1179 dipl.
1988 1140 2031 1176 ΙΙ,
2051 1149 2082 1179 p.
2099 1141 2210 1176 69-783

615 1195 796 1232 Raynaldi,
817 1204 868 1224 an.
897 1196 986 1231 1340,
1015 1204 1045 1224 n.
1074 1202 1153 1227 mx.)

659 1244 767 1275 8242.
795 1265 832 1268 —
850 1247 1050 1282 Beltramino,
1070 1257 1139 1287 epp
1165 1247 1304 1277 Cwmm..
1324 1248 1433 1286 Apost.
1454 1247 1525 1276 Sed.
1544 1247 1663 1283 nuntio,
1684 1247 1796 1276 mand.
1815 1248 1851 1276 ut
1864 1246 1995 1285 judices
2013 1246 2212 1285 appellatio—

616 1309 695 1330 num
714 1301 783 1339 <qui
803 1310 821 1330 a
838 1302 935 1331 Rom.
954 1301 1078 1330 Pontis.
1093 1301 1192 1339 Juxta
1209 1301 1340 1330 litteras
1357 1309 1458 1338 super
1478 1300 1750 1330 reconciliatione
1767 1300 1859 1329 civit.
1876 1299 2061 1330 Bononien.
2080 1300 2211 1330 confec-

615 1356 678 1389 tas,
709 1355 742 1383 in
765 1354 851 1383 dicta
881 1354 971 1383 civit.
999 1354 1147 1383 ordinari
1167 1354 1301 1391 debent)
1329 1354 1421 1383 viros
1444 1354 1616 1388 honestos,
1635 1353 1726 1383 cives
1744 1353 1942 1389 Bononien.,
1966 1355 1998 1382 et
2013 1353 2113 1383 Rom.
2131 1353 2210 1384 eccl.

616 1407 744 1443 fideles,
763 1410 849 1437 auct.
869 1409 977 1445 apost.
994 1407 1125 1436 ordinet
1143 1407 1176 1436 in
1194 1407 1322 1442 eadem,
1341 1407 1373 1436 et
1394 1408 1513 1436 cxrtera
1530 1407 1597 1436 alia
1614 1406 1647 1435 in
1672 1406 1771 1436 dictis
1794 1406 1919 1436 litteris
1939 1406 2096 1436 contenta
2113 1414 2211 1444 expe-

616 1460 686 1490 dire
710 1469 745 1490 ac
774 1461 915 1498 exsequi
940 1461 1083 1495 studeat,
1109 1460 1205 1498 juxta
1222 1460 1417 1489 earumdem
1435 1460 1675 1489 continentiam
1696 1460 1897 1489 litterarum.
1917 1458 1968 1496 (V.
1987 1460 2055 1495 128,
2073 1468 2106 1488 n.
2121 1461 2161 1490 49
2176 1458 2212 1488 dr:

616 1523 698 1548 ουκ,
717 1513 873 1547 ’1’11011101·,
892 1523 942 1552 op.
964 1514 1014 1543 vit.
1034 1522 1066 1551 p.
1084 1514 1117 1543 81
1138 1523 1143 1544 ;
1164 1513 1205 1542 ct'.
1225 1522 1256 1542 n.
1274 1514 1354 1543 6422
1371 1514 1404 1543 et
1422 1513 1506 1551 seq.)

660 1567 669 1574 ⁴
681 1563 790 1594 11243.
805 1585 841 1588 -r
856 1566 1053 1601 Ιέρίῑναηιῐηω,
1067 1576 1134 1605 clm
1147 1566 1289 1601 Cuman„
1304 1566 1414 1605 Aposl.
1425 1565 1513 1595 Sedis
1525 1566 1644 1602 mentio,
1656 1566 1766 1595 mand.
1781 1567 1816 1595 ut
1828 1565 1869 1595 ad
1885 1565 2010 1595 civitat.
2024 1565 2209 1596 Bononien.

616 1629 650 1649 se
667 1620 858 1649 transferat.
879 1628 915 1649 ac
932 1620 1118 1650 sententias
1131 1622 1161 1649 et
1174 1628 1288 1658 pwnas
1298 1628 1382 1658 quas
1397 1619 1613 1654 universitas,
1632 1627 1807 1648 commune
1821 1627 1856 1648 ac
1866 1618 2011 1657 populus
2024 1619 2207 1650 Bononien.

616 1673 827 1703 incurrerunt
858 1673 985 1702 relaxet
1012 1673 1197 1702 secundum
1224 1672 1368 1702 formam
1394 1672 1583 1702 litterarum
1603 1681 1703 1710 super
1724 1672 1790 1701 hiis
1813 1671 2052 1702 confectarum.
2070 1671 2119 1711 (V.
2142 1672 2210 1708 128,

616 1735 647 1755 n.
666 1728 704 1756 43
720 1726 753 1754 [lo
767 1735 849 1759 cim-„z
870 1726 1024 1760 Theiner,
1044 1735 1093 1765 op.
1112 1726 1177 1761 cil„
1195 1734 1225 1764 p.
1244 1727 1306 1760 78.)

660 1776 769 1806 8214.
791 1796 827 1799 —
844 1779 902 1808 Ad.
916 1789 1007 1818 perp.
1030 1780 1073 1807 vei
1089 1789 1174 1808 mem.
1190 1779 1254 1813 Qui
1271 1788 1289 1808 a
1306 1777 1573 1809 comestabilibus
1592 1778 1892 1816 stipendiariorum
1912 1778 2003 1808 civit.
2024 1778 2208 1808 Bononien.

611 1833 841 1870 ι1111·;1111011111111
874 1833 1049 1862 fidelitatis
1074 1833 1223 1870 recipere
1253 1832 1385 1866 debent,
1406 1832 1472 1870 ipsi
1496 1832 1529 1861 in
1558 1831 1716 1861 manibus
1738 1831 1949 1867 Beltramini,
1968 1831 2036 1870 ep.i
2054 1831 2208 1868 Cuman.,

587 1901 588 1907 .
614 1887 731 1924 Apost.
752 1886 827 1915 sed.
847 1886 969 1921 01111111,
987 1886 1101 1923 jurare
1126 1885 1260 1918 debent,
1285 1885 1409 1915 futuris
1433 1887 1545 1915 autem
1562 1884 1774 1922 temporibus
1792 1885 1826 1914 in
1844 1884 2000 1914 manibus
2017 1884 2084 1922 ep.i
2102 1885 2211 1914 Bono-

614 1939 702 1968 nien.
720 1939 777 1977 qui
794 1939 855 1968 erit
888 1948 946 1977 pro
972 1941 1136 1977 tempore,
1159 1939 1223 1974 vel,
1249 1939 1326 1968 sede
1343 1939 1493 1974 vacante,
1512 1938 1545 1967 in
1563 1937 1720 1967 manibus
1739 1937 1838 1976 capit.
1858 1937 2044 1968 Bononien.
2066 1937 2118 1975 (V.
2140 1939 2208 1971 128,

614 2001 646 2021 n.
663 1994 701 2022 50
719 1991 753 2020 de
770 2001 851 2022 clun:
871 1992 1028 2027 Theiner,
1049 2002 1099 2031 op.
1114 1992 1178 2027 cit.⁷
1198 2000 1229 2030 p.
1247 1993 1310 2028 82.)

658 2045 667 2053 ¹
684 2042 793 2072 3245.
814 2063 849 2066 -
867 2044 977 2073 Eidem
993 2043 1196 2079 Βρῖίναηιίηο,
1213 2044 1436 2074 committitur
1452 2046 1489 2074 ut
1504 2044 1648 2074 Thadzeo
1664 2044 1703 2073 de
1723 2043 1874 2082 Pepulis,
1892 2043 1930 2073 L.
1948 2044 2002 2078 D.‚
2022 2044 2087 2074 civi
2105 2044 2210 2074 Bono-

614 2099 716 2128 nien..
733 2099 827 2137 qu'us
843 2098 1020 2136 diligentia
1039 2097 1171 2131 civitas,
1191 2089 1372 2127 comitatus
1392 2100 1422 2128 et
1440 2097 1615 2128 districtus
1633 2097 1816 2127 Bononien.
1835 2097 1971 2127 fuerunt
1989 2097 2023 2127 in
2046 2098 2137 2127 statu
2151 2106 2209 2136 pa-

614 2151 706 2181 ciliro
727 2151 928 2186 conservati,
946 2151 1134 2180 committat
1156 2151 1483 2180 administrationem
1496 2151 1624 2189 Jurium
1646 2152 1677 2180 et
1692 2150 1857 2180 bonorum
1871 2150 1912 2180 ad
1928 2151 1968 2181 R.
1981 2150 2018 2180 E.
2034 2150 2069 2180 in
2081 2150 2208 2181 eisdem

585 2218 587 2224 ·
613 2205 704 2234 civit.
720 2207 751 2233 et
768 2204 924 2234 districtu
937 2204 1191 2242 pertinentium.
1212 2206 1219 2235 (
1233 2203 1262 2233 V.
1280 2204 1347 2239 128,
1362 2212 1392 2233 n.
1407 2205 1446 2233 44
1460 2203 1496 2233 de
1507 2213 1591 2238 eur.;
1605 2203 1760 2238 Theiner,
1773 2213 1820 2242 op.
1833 2203 1896 2239 cit„
1907 2212 1939 2242 p.
1952 2204 2008 2239 80;
2026 2203 2207 2242 Raynaldi,

613 2266 666 2287 an.
690 2258 777 2291 1340,
800 2266 832 2287 11.
858 2259 924 2294 Lx.)

657 2308 788 2338 ’8240
810 2328 848 2332 -
869 2310 1043 2346 Bimbaldo,
1073 2320 1139 2349 epe
1168 2309 1308 2346 lmolen.‚
1329 2311 1441 2339 rerlori
1458 2309 1677 2346 Romcmdiolae,
1698 2309 1922 2339 committitur
1941 2311 1976 2339 ut
1997 2311 2177 2348 postquam
2191 2318 2210 2339 a

614 2363 831 2399 Beltramino‚
847 2372 922 2402 ep.o
940 2364 1094 2398 Cuman.,
1108 2365 1225 2401 Apost.
1239 2364 1313 2393 Sed.
1332 2364 1462 2398 nuntio,
1478 2363 1628 2402 deputati
1644 2363 1769 2392 fuerint
1780 2364 1930 2401 potestas
1942 2371 2001 2392 seu
2013 2363 2208 2401 capitaneus

614 2416 646 2445 in
670 2417 760 2446 civit.
781 2417 979 2452 Bononien.⁷
1005 2417 1033 2446 si
1057 2416 1144 2446 infra
1168 2418 1303 2455 tempus
1320 2416 1423 2446 officii
1439 2425 1556 2446 eorum
1575 2416 1745 2454 contingat
1763 2424 1819 2446 eos
1833 2416 1949 2446 cedere
1967 2415 2019 2446 vel
2037 2416 2207 2452 decedere,

613 2469 664 2498 vel
682 2478 797 2499 eorum
812 2470 923 2499 officia
934 2470 1032 2508 lapsu
1044 2469 1208 2507 temporis
1225 2470 1412 2508 exspirare,
1432 2469 1557 2499 electos
1571 2469 1611 2499 ad
1626 2469 1821 2508 hujusmodi
1835 2468 1946 2499 officia
1961 2477 2021 2507 per
2032 2477 2207 2499 commune

612 2522 795 2552 Bononien.
814 2523 921 2560 possit
944 2524 1031 2552 auct.
1053 2525 1160 2561 apost.
1179 2523 1351 2561 deputare.
1369 2522 1421 2560 (V.
1441 2524 1510 2558 128,
1534 2531 1565 2551 n.
1586 2524 1624 2552 45
1644 2522 1679 2551 de
1697 2532 1778 2551 cur.:
1796 2522 1837 2551 cf.
1854 2531 1886 2552 n.
1907 2523 1997 2558 6428,
2011 2523 2117 2561 6474.)

657 2571 766 2602 8247.
785 2592 823 2596 -
838 2575 889 2604 ,td
903 2576 962 2614 fut.
975 2576 1020 2604 rei
1032 2585 1117 2606 mem.
1136 2575 1348 2614 Explanatur
1364 2575 1532 2616 quoddam
1552 2575 1737 2613 capitulum
1752 2575 1786 2604 in
1804 2575 1928 2605 litteris
1945 2583 2006 2613 pro
2022 2575 2205 2605 Bononien.

613 2635 718 2665 nuper
735 2628 906 2664 confectis,
926 2637 999 2667 quae
1018 2628 1184 2666 incipiunt
1195 2628 1349 2658 «dudum
1359 2628 1595 2658 accedentibus
1607 2640 1622 2656 »
1634 2631 1678 2665 (n.
1693 2629 1784 2665 8243)
1798 2628 1975 2663 insertum,
1991 2628 2082 2666 quod
2097 2628 2136 2658 de
2151 2636 2207 2658 ex-

612 2680 722 2718 pulsis
737 2680 776 2710 de
797 2681 932 2710 civitate
945 2681 1104 2719 praedicta
1119 2681 1282 2720 loquitur.
1302 2680 1352 2719 (V.
1371 2682 1438 2714 128,
1458 2690 1490 2711 n.
1506 2682 1544 2711 46
1560 2680 1595 2710 de
1611 2691 1675 2710 cur.
1688 2689 1696 2716 ;
1711 2681 1868 2718 Theiner,
1887 2690 1937 2720 op.
1955 2681 2018 2717 cil„
2037 2690 2069 2720 p.
2087 2683 2150 2719 81.)

657 2730 765 2760 8248.
784 2749 824 2755 —
844 2733 998 2763 Univcrsis
1009 2739 1175 2772 praesemes
1190 2733 1309 2763 litteras
1323 2734 1515 2773 inspecturis.
1528 2751 1566 2755 —
1577 2734 1783 2772 Prorogatur
1797 2742 1903 2773 usque
1919 2734 2063 2773 adprox.
2082 2734 2205 2765 festum

613 2785 771 2816 Omnium
798 2786 997 2816 Sanctorum
1021 2786 1189 2816 terminus
1213 2786 1394 2817 solutionis
1423 2795 1544 2816 census
1570 2788 1663 2822 8,000
1687 2787 1759 2816 flor.
1780 2787 1865 2823 auri,
1883 2795 1983 2826 quem
1998 2787 2204 2818 universitas

613 2839 729 2877 populi
756 2840 788 2869 et
803 2839 992 2869 communis
1012 2840 1197 2870 Bononien.
1218 2840 1295 2869 Ρ.Ρ.
1315 2841 1346 2869 et
1364 2839 1588 2869 cardinalium
1605 2839 1755 2879 Collegio
1777 2839 1942 2870 debebant
1957 2841 2088 2871 solvere
2105 2841 2138 2870 in
2154 2840 2204 2871 fu-

613 2893 688 2921 turo
704 2892 788 2922 festo
807 2900 853 2921 ss.
871 2893 988 2930 Apost.
1008 2892 1100 2922 Petri
1121 2894 1153 2923 et
1171 2893 1280 2922 Pauli.
1300 2892 1352 2930 (V.
1372 2893 1440 2929 128,
1458 2901 1491 2922 11.
1509 2894 1566 2928 47,
1585 2892 1626 2922 cf.
1648 2901 1679 2922 n.
1697 2893 1802 2932 8207.)
