2376 3334
236 294 290 320 111

266 382 364 407 {mlum
393 376 573 408 Avenione.

291 1485 305 1510 -1
328 1485 367 1518 (iv
390 1485 537 1518 non.)jul.

377 1960 408 1987 [t
427 1969 448 1986 s.

378 2117 409 2143 Ut
433 2126 455 2143 s.

300 2328 363 2362 6(11
381 2328 531 2361 non.)j11l.

323 2485 337 2511 7
351 2487 441 2519 (non.)
453 2485 510 2518 jul.

300 2802 336 2826 {3
350 2803 393 2832 (111
414 2800 532 2835 id,)ju!.

649 291 805 321 lzssNEs».
830 291 894 321 XII
918 309 953 312 —
980 292 1183 322 Ll's'sssRAE
1206 291 1264 321 DE
1288 292 1435 322 CURIA.
1457 309 1494 312 —
1512 291 1619 321 ANNI
1643 291 1687 320 IV
1714 291 1833 329 (1338)

656 482 758 511 tionis
775 491 895 511 census
911 484 941 511 et
959 482 1186 520 przrstationis
1205 482 1350 521 homagii
1370 484 1593 512 reverteretur
1609 491 1683 511 cum
1711 481 1833 511 insulis
1852 481 2083 519 adjacentibus
2105 481 2145 511 ad
2162 481 2242 512 inte—

655 535 809 572 gritatem
827 534 918 572 regni
936 534 1057 564 Sicilire
1076 535 1159 564 citra
1176 535 1336 569 Pharu1n;
1363 535 1441 564 item
1462 535 1549 573 quod
1567 535 1686 564 titulus
1705 534 1794 573 regis
1812 534 1993 564 Trinacrize
2012 534 2099 564 dicto
2124 534 2244 564 Frede-

656 587 723 616 κῆνο
749 587 878 616 nullum
893 587 948 625 jus
965 587 1145 621 conferret,
1166 587 1245 616 item
1265 587 1354 625 quod
1371 596 1430 625 pro
1448 587 1594 625 generali
1614 595 1716 617 censu
1736 587 1845 625 ipsius
1870 587 1963 625 regni
1987 588 2018 616 et
2040 588 2137 617 terrae
2155 586 2241 617 solvi

656 639 812 669 deberent
830 641 921 674 8900
942 648 1013 669 unc.
1034 640 1117 669 auri¹
1138 640 1268 669 Dicitur
1287 639 1386 669 etiam
1405 640 1493 678 quod
1509 641 1658 678 tempore
1676 640 1839 669 adventus
1860 639 1982 678 quond.
2004 639 2153 675 Henrici,
2176 640 2240 670 Ro·

656 701 831 721 manorum
848 692 1074 730 imperatoris,
1093 692 1132 721 ad
1148 694 1260 730 partes
1278 692 1395 726 Italiae,
1410 692 1496 721 idem
1515 692 1713 722 Fredericus
1730 694 1838 722 terras
1855 692 1943 731 regis
1957 691 2098 722 Roberti
2114 692 2243 730 positas

655 745 738 774 citra
765 745 908 774 Pharum
934 745 1067 780 invasit,
1093 753 1128 773 ac
1147 744 1316 775 civitatem
1340 745 1437 783 Regii
1458 745 1489 774 et
1508 745 1668 774 nonnulla
1687 745 1752 774 alia
1771 746 1881 774 castra
1899 744 2062 775 Calabriae
2080 744 2244 775 violenter

655 798 839 835 occupavit,
862 806 898 827 ac
917 797 1078 827 ecclesias
1097 797 1215 827 insulse
1243 797 1366 827 Siciliaer
1394 806 1459 827 non
1480 797 1639 833 restituit,
1660 798 1718 827 sed
1746 797 1833 827 bona
1858 806 1974 828 eorum
1995 797 2144 827 detinere
2163 806 2243 835 prze-

655 850 801 888 sumpsit
818 859 922 888 usque
942 850 983 879 ad
1002 849 1113 879 obitus
1130 850 1182 879 sui
1199 852 1347 888 tempus3
1370 850 1448 880 item
1471 850 1560 888 quod
1582 850 1617 879 P.
1642 851 1691 885 P.‚
1714 850 1745 879 in
1768 850 1991 888 promotionis
2013 858 2080 879 sutev
2102 850 2244 888 primor-

655 903 732 938 diis,
750 904 984 938 Bertrandiim,
1003 903 1208 941 archiep.um
1226 902 1451 937 Eb1·edunen.,
1471 903 1510 932 ad
1526 902 1741 932 Fredericum
1758 903 1913 932 eumdem
1929 902 2153 941 personaliter
2171 902 2245 932 des·

654 956 785 991 tinavit,
811 957 842 985 et
867 956 954 994 quod
979 956 1048 993 ipse
1072 956 1271 985 Fredericus
1291 964 1418 985 excom.
1447 955 1648 985 sententiam
1675 955 1815 985 incurrit
1841 955 2054 994 infringendo
2073 956 2209 994 treugas
2228 964 2245 985 a

653 1009 780 1038 ‚Joanne
798 1008 897 1039 XXII
918 1008 1003 1038 inter
1029 1008 1139 1046 ipsum
1167 1010 1198 1038 et
1226 1008 1352 1038 dictum
1371 1007 1555 1038 Itoliertum
1579 1016 1690 1047 regem
1717 1007 1872 1038 indictas.
1897 1008 2050 1046 Denique
2069 1007 2246 1038 mandatur

655 1061 753 1097 (lolio,
772 1061 957 1100 pali-iareim*
977 1060 1328 1100 Conslanlinopolilauo,
1346 1066 1371 1089 rt
1394 1061 1529 1095 Haterio,
1550 1070 1619 1100 cyro
1645 1060 1814 1096 Vasionen.,
1834 1061 1894 1100 Ap.
1916 1060 1988 1090 Sed.
2008 1060 2133 1096 nuntiis,
2153 1061 2188 1090 ut
2206 1060 2246 1090 ad

654 1115 776 1144 dictam
801 1114 947 1144 insulam
971 1114 1093 1144 Siciliae
1120 1123 1179 1144 seu
1207 1114 1279 1143 loca
1298 1114 1408 1144 vicina
1433 1123 1467 1144 se
1489 1114 1711 1150 conferentes,
1734 1114 1883 1149 Petrum,
1905 1113 2056 1152 ejusdem
2074 1112 2246 1143 Frederici

654 1167 927 1206 primogenitum,
953 1176 988 1197 ac
1015 1167 1100 1196 alios
1119 1167 1191 1205 ejus
1210 1169 1305 1197 natos
1333 1175 1392 1196 seu
1415 1167 1562 1197 haeredes
1582 1167 1780 1197 auctoritate
1806 1167 1913 1205 apost.
1937 1166 2106 1196 declarent
2132 1175 2150 1196 a
2171 1165 2245 1204 jure

655 1231 668 1249 α
688 1221 809 1250 tenutze
828 1230 842 1248 1>
860 1219 1009 1258 ejusdem
1028 1220 1145 1249 insul-[e
1163 1220 1286 1251 Siciliae
1310 1221 1342 1249 et
1359 1220 1547 1249 insularum
1568 1219 1792 1258 adjacentium
1816 1219 1965 1249 totaliter
1984 1218 2159 1254 cecidisse,
2176 1227 2245 1249 eas-

655 1273 796 1311 demque
814 1273 854 1302 ad
870 1273 967 1302 Rom.
994 1273 1083 1303 Eccl.
1104 1273 1172 1302 sore
1189 1281 1343 1302 reversas
1362 1281 1397 1302 ac
1415 1274 1655 1311 consequenter
1672 1272 1768 1302 alteri
1786 1272 1872 1311 parti
1890 1273 1999 1307 terrae,
2019 1271 2147 1301 scilicet
2162 1271 2247 1301 citra

654 1326 811 1362 Pharum,
827 1326 1048 1364 reintegratas
1061 1325 1327 1356 etconsolidatas
1340 1326 1498 1361 existere,
1517 1327 1548 1355 et
1564 1325 1603 1354 ad
1618 1325 1743 1355 dictum
1756 1324 1941 1355 Robertum
1956 1333 2068 1363 regem
2085 1326 2245 1362 tanquam

654 1387 770 1408 verum
790 1380 819 1408 et
837 1378 1000 1408 directum
1020 1378 1244 1408 feudatarium
1260 1378 1349 1408 Eccl.
1370 1379 1466 1409 Rom.
1487 1378 1666 1416 pertinere.
1692 1377 1744 1416 (A.
1763 1379 1812 1414 85,
1833 1377 1855 1407 f.
1878 1379 1933 1407 113
1955 1377 2100 1416 (fragm.)
2119 1378 2151 1407 et
2169 1378 2244 1412 2563

662 1431 693 1460 V.
714 1433 781 1467 126,
800 1440 830 1460 n.
849 1433 897 1465 46,
917 1430 952 1460 cle
970 1441 1051 1466 ewa,
1072 1431 1252 1469 Raynaldi,
1272 1440 1323 1461 an.
1345 1432 1431 1467 1338,
1450 1439 1481 1461 n.
1500 1432 1617 1466 xxxv.)

702 1486 709 1493 ”
734 1481 843 1511 6378.
866 1503 901 1506 -
931 1483 1029 1519 Colit),
1046 1484 1232 1523 patriarchoe
1261 1483 1611 1523 constan[impolitam.‚
1631 1488 1657 1513 el
1684 1484 1819 1519 Raterio,
1838 1492 1905 1522 epp
1939 1482 2110 1517 Vasionen„
2139 1482 2244 1521 Apost.

654 1537 741 1566 Sedis
768 1537 891 1572 nmiliis,
919 1537 1029 1566 mand.
1057 1538 1092 1566 ut
1112 1537 1151 1566 ad
1168 1537 1315 1566 insulam
1335 1537 1457 1567 Siciliae
1481 1537 1532 1567 vel
1560 1537 1627 1566 alia
1652 1537 1724 1566 loca
1748 1536 1857 1566 vicina
1874 1544 1909 1565 se
1928 1535 2153 1574 personaliter
2169 1543 2246 1565 con-

655 1590 773 1625 ferant,
792 1592 823 1619 et
848 1589 975 1619 vocatis
998 1590 1167 1624 vocandis,
1187 1590 1215 1619 si
1232 1591 1301 1619 tute
1319 1590 1428 1619 vocari
1455 1591 1625 1627 poterunt,
1648 1590 1799 1628 alioquin
1824 1597 1882 1627 per
1904 1588 2046 1627 publioae
2075 1587 2245 1618 citationis

654 1642 798 1672 edictum
816 1643 980 1680 praesente
999 1642 1041 1671 ad
1064 1642 1123 1672 hoc
1147 1642 1363 1672 multitudine
1381 1643 1516 1680 copiosa
1534 1642 1685 1672 fidelium
1705 1642 1970 1680 proponendum,
1989 1640 2077 1671 celer
2093 1642 2124 1670 et
2147 1648 2246 1678 expe-

654 1695 761 1724 ditum
785 1695 906 1724 faciant
931 1695 1071 1733 justitiae
1094 1695 1377 1732 complementum
1397 1703 1498 1733 super
1521 1704 1558 1725 eo
1579 1695 1667 1733 quod
1690 1696 1823 1729 Petrus,
1852 1693 2097 1733 primogenitus
2120 1693 2244 1732 quond.

654 1748 836 1783 Fiederici,
857 1748 917 1777 tilii
933 1747 1055 1786 quond,
1076 1748 1166 1777 Petri
1185 1748 1273 1786 regis
1288 1749 1494 1786 Aragonum,
1514 1747 1575 1777 sub
1590 1749 1753 1786 praetextu
1771 1747 1964 1778 testamenti
1981 1746 2060 1776 dicti
2078 1746 2247 1776 Frederici

655 1800 707 1830 sui
726 1801 833 1838 patris
860 1800 1005 1829 insulam
1031 1800 1203 1838 praefatam
1232 1801 1421 1838 occupavit,
1448 1801 1595 1830 instante
1617 1800 1764 1831 Roberto
1791 1808 1866 1839 rege
1892 1799 2015 1830 Siciliae
2038 1799 2095 1837 qui
2123 1798 2247 1829 seriem

655 1853 792 1891 exponit
809 1853 959 1882 omnium
977 1855 1147 1891 gestorum
1164 1853 1251 1883 cirea
1270 1853 1488 1883 rebellionem
1507 1853 1657 1892 ejusdem
1674 1853 1792 1882 insulae
1810 1854 1841 1882 et
1853 1860 1991 1891 guerras
2009 1852 2085 1882 inde
2100 1853 2246 1882 secutas.

656 1907 706 1939 (A.
727 1907 776 1940 85,
793 1905 813 1935 f.
838 1907 891 1936 116
911 1907 942 1935 et
961 1907 1019 1936 250
1035 1911 1078 1941 v⁰g
1103 1906 1136 1935 V.
1159 1907 1225 1941 126,
1242 1915 1275 1935 n.
1293 1908 1331 1936 47
1355 1905 1391 1935 de
1406 1907 1484 1940 cur.)

699 1956 809 1986 6379.
831 1975 866 1979 —
884 1958 1059 1997 Arc-hienis
1074 1962 1099 1987 et
1117 1959 1194 1998 ep.is
1209 1958 1297 1997 requi
1314 1957 1442 1994 Sicile'ae,
1467 1958 1578 1988 mand.
1599 1960 1634 1988 ut
1653 1958 1751 1988 dictis
1768 1957 1898 1987 nuntiis
1915 1959 1946 1987 et
1965 1956 2104 1987 cuilibet
2118 1965 2245 1992 eorum,

656 2020 756 2049 super
772 2011 838 2041 hiis
857 2020 929 2049 quae
946 2011 1182 2049 praedictorum
1210 2011 1421 2050 negotiorum
1449 2011 1720 2049 prosecutionem
1738 2019 1798 2040 seu
1816 2010 2067 2040 exsecutionem
2087 2018 2246 2048 respexe-

656 2064 733 2099 rint,
750 2064 868 2094 devote
887 2065 1025 2102 pareant
1041 2065 1072 2093 et
1089 2063 1269 2094 efficaciter
1286 2063 1421 2094 obedire
1437 2065 1627 2102 procurent.
1651 2063 1703 2100 (V.
1725 2065 1791 2097 126,
1812 2072 1842 2092 n.
1863 2064 1900 2093 35
1915 2062 1949 2092 de
1966 2062 2045 2099 cur.)

700 2114 809 2144 (3380.
828 2133 864 2137 —
881 2116 1084 2150 patriarchis,
1100 2116 1276 2155 archiepis,
1291 2117 1379 2156 ep.is,
1392 2121 1459 2153 etc„
1477 2116 1516 2145 acl
1531 2126 1602 2155 quos
1614 2122 1776 2155 proesenles
1793 2116 1900 2145 litterae
1915 2116 2120 2156 pervenerint,
2134 2115 2246 2145 mand.

655 2171 691 2199 ut
714 2169 820 2199 dictos
839 2169 979 2198 nuncios
1003 2177 1078 2198 cum
1097 2178 1156 2207 per
1172 2169 1325 2207 ipsorum
1351 2171 1464 2207 partes
1486 2169 1667 2199 transitum
1689 2169 1812 2199 facient
1837 2169 1979 2208 benigne
2003 2168 2178 2207 recipiant,
2198 2168 2247 2198 eis

655 2222 694 2252 de
713 2230 831 2251 securo
844 2222 1009 2251 conductu
1025 2222 1234 2259 provideant,
1251 2223 1282 2251 et
1297 2221 1422 2257 decem,
1444 2222 1652 2260 patriarchae,
1667 2224 1738 2252 octo
1756 2231 1834 2252 vero
1854 2230 1928 2261 ep.o
1944 2222 2016 2252 flor.
2033 2221 2106 2251 auri
2124 2221 2243 2251 diebus

656 2275 800 2312 singulis
814 2274 997 2312 assignent.
1020 2275 1069 2310 (A.
1090 2275 1140 2310 85,
1165 2274 1185 2304 f.
1208 2276 1262 2304 117
1281 2279 1329 2309 v⁰,·
1359 2273 1388 2303 V.
1405 2276 1472 2308 1⁶26,
1492 2283 1522 2304 n.
1540 2276 1579 2305 48
1595 2274 1631 2304 de
1647 2277 1725 2311 cnr.)

700 2324 810 2354 6381.
830 2344 866 2348 -
884 2327 1059 2366 Archiep.is
1071 2332 1097 2356 et
1113 2328 1201 2366 ep.is,
1221 2331 1276 2357 etc.
1291 2328 1401 2358 mand.
1421 2329 1456 2358 ut
1472 2328 1616 2367 Rogerio
1634 2328 1674 2357 de
1688 2327 1833 2363 Quinbal
1850 2329 1882 2357 et
1895 2327 2000 2357 Vitali
2015 2327 2055 2357 de
2070 2327 2246 2356 Privazaco

656 2380 696 2409 ad
715 2381 827 2418 partes
847 2380 1005 2410 Tolosan.
1026 2380 1205 2410 destinatis
1231 2381 1270 2410 de
1289 2389 1407 2410 securo
1426 2381 1590 2411 conductu
1612 2381 1789 2419 providere
1810 2381 2002 2419 procurent.
2022 2378 2075 2418 (V.
2095 2380 2162 2413 126,
2180 2388 2212 2410 n.
2229 2380 2248 2410 9

656 2431 691 2461 de
708 2434 785 2469 cur.)

701 2482 810 2512 6382.
831 2503 864 2506 —
889 2485 1070 2521 Bertrando,
1093 2486 1281 2526 patriarchae
1307 2485 1499 2526 Aquilejen„
1525 2486 1696 2517 inhibetur
1717 2494 1876 2525 expresse
1894 2494 1935 2516 ne
1955 2485 2113 2524 deinceps
2138 2485 2180 2515 ad
2201 2493 2251 2515 re-

656 2538 843 2575 ceptionem
875 2539 1007 2568 servitii
1027 2539 1216 2569 communis
1240 2539 1329 2578 quod
1353 2540 1512 2578 praestare
1532 2540 1690 2569 tenentur
1719 2540 1816 2570 Rom.
1844 2538 1933 2568 Eccl⁴
1959 2546 2076 2568 omnes
2102 2537 2168 2576 ep.i
2192 2537 2250 2576 qui

657 2590 745 2628 apud
764 2590 884 2620 Sedem
897 2592 1015 2629 Apost.
1032 2600 1154 2621 munus
1171 2593 1352 2622 consecrat.
1372 2592 1539 2630 recipiunt
1557 2592 1714 2630 procedat
1736 2591 1926 2630 praesertim
1947 2591 2027 2620 dum
2048 2589 2250 2629 suffraganei

657 2651 725 2672 suae
748 2643 937 2682 AquileJen.
962 2644 1041 2674 6661.
1067 2644 1099 2674 in
1123 2644 1194 2674 illis
1217 2643 1370 2682 partibus
1392 2644 1583 2682 promoveri
1611 2646 1643 2675 et
1666 2644 1855 2674 consecrari
1879 2643 2060 2682 continget,
2084 2643 2188 2673 donec
2209 2642 2249 2673 de

658 2704 718 2725 suo
737 2697 768 2725 et
784 2695 879 2726 dictae
897 2696 976 2726 eccl.
997 2696 1072 2734 jure
1094 2697 1194 2727 faciat
1209 2705 1321 2726 coram
1340 2697 1377 2726 P.
1395 2697 1431 2726 P.
1451 2696 1584 2735 plenam
1601 2697 1718 2732 fidem3
1738 2705 1815 2726 narn
1832 2696 2006 2735 scripturae
2019 2695 2170 2735 quaedam
2189 2703 2249 2734 pro

658 2747 825 2778 fulcienda
839 2750 933 2786 parte
950 2757 1010 2778 sua
1025 2749 1066 2779 ad
1086 2749 1123 2778 P.
1144 2750 1180 2779 Ρ.
1200 2749 1312 2779 missae
1331 2749 1470 2779 minime
1487 2749 1672 2779 sufficiunt.
1694 2749 1747 2789 (V.
1765 2750 1832 2785 126,
1849 2757 1879 2779 n.
1900 2750 1932 2779 11
1952 2747 1986 2778 de
2001 2750 2079 2786 cur.)

702 2797 810 2828 (3383.
832 2818 871 2822 —
891 2800 989 2837 Golio,
1012 2801 1202 2841 patriarchae
1228 2800 1584 2840 Constantinopolitano,
1603 2802 1797 2832 conceditur
1823 2803 1858 2832 ut
1884 2801 2047 2831 beneficia
2066 2809 2136 2831 vac.
2163 2801 2250 2839 apud

657 2854 774 2891 Apost.
794 2853 869 2883 Sed.
895 2854 1003 2892 possit
1030 2853 1180 2884 conferre
1204 2854 1238 2883 in
1265 2853 1388 2884 Siciliae
1416 2863 1530 2893 regno,
1554 2854 1736 2884 dummodo
1760 2853 1941 2893 cujuslibet
1963 2853 2073 2884 benef.
2098 2853 2249 2883 redditus

657 2915 701 2936 xv
718 2906 788 2936 flor.
813 2907 885 2936 auri
903 2907 1006 2937 valor.
1028 2915 1176 2937 annuum
1192 2915 1258 2937 non
1275 2908 1446 2937 excedant.
1468 2907 1522 2946 (V.
1542 2908 1609 2943 126,
1629 2915 1662 2937 n.
1679 2908 1717 2938 45
1735 2906 1771 2936 de
1783 2908 1861 2944 cur.)
