2376 3334
376 286 651 317 APPENDICES
675 287 735 316 AD
758 286 940 317 SEXTUM
964 287 1177 317 BULLAffll
1202 288 1440 318 izizNEDiu'rt
1464 289 1527 319 ΧΠ
1551 290 1711 320 ΑΝΝΟΜ
1736 292 1857 328 (1340)
2073 294 2129 321 311

201 740 377 773 Faventiae.

186 796 218 820 Η
233 794 290 825 jul.
315 793 397 820 1335.

190 952 207 978 3
222 953 275 984 seb.
303 953 386 979 1:536.

248 1165 327 1197 Apud

118 1209 451 1251 Montemfalconem.

171 1262 208 1287 21
226 1270 292 1295 any.
312 1262 397 1289 1338.

202 1377 372 1409 Mensibzcs

102 1428 158 1455 Oct.
174 1429 248 1456 1338
262 1431 371 1456 —Mait
385 1430 469 1457 1339.
495 1445 496 1450 ι

181 1534 217 1561 13
231 1536 286 1568 feb.
307 1536 392 1563 1339.

203 1798 266 1825 Sine
286 1800 360 1827 data.

540 477 592 506 dis
617 476 847 506 Taurisiensis
871 477 1004 506 directae
1029 485 1086 515 per
1113 478 1149 506 fr.
1173 477 1394 507 Guillelmuin
1427 479 1561 509 Laurati
1586 482 1617 510 et
1639 480 1679 510 fr.
1709 480 1926 510 Laurentium
1950 481 1990 511 de
2014 482 2130 518 Bobio,

539 529 610 559 ord.
628 530 708 559 Min.
725 538 731 564 ;
754 530 867 559 littera
885 529 924 558 fr.
942 529 1126 559 (luillehno
1147 531 1285 560 Laurati
1308 532 1434 569 scripta
1450 540 1508 569 per
1527 532 1566 561 fr.
1585 533 1750 562 ,Ioannem
1765 533 1804 563 de
1820 534 2003 570 Florentia,
2020 535 2128 573 ejusd.

505 613 506 620 ἵ
539 582 609 612 ord.
638 583 689 620 (A.
707 584 758 616 54,
775 582 907 612 {111530
930 583 969 611 ad
997 582 1019 612 f.
1046 583 1105 612 534
1129 587 1173 611 νῦ.
1199 584 1296 612 Hunc
1326 592 1521 621 processum
1546 585 1651 615 edidit
1673 586 1780 615 Tocco
1800 586 1833 615 in
1855 586 2035 616 chdiconti
2050 587 2130 617 della

504 626 506 646 ἦ
539 635 574 665 R.
593 634 774 664 :lt-cadentia
792 634 840 664 dei
853 635 977 664 Lincei:
995 634 1087 664 classe
1105 634 1137 664 di
1151 636 1265 664 scienze
1284 637 1402 672 morali,
1417 638 1548 666 storiclzc
1565 648 1579 666 e
1595 637 1777 677 filoloqiclze‚
1796 639 1862 669 vol.
1882 649 1911 675 x,
1930 640 1991 669 sub
2010 641 2107 670 titulo
2123 652 2129 670 :

503 680 505 710 ’Ῐ
536 686 638 717 Νιιοιιὶ
655 688 832 717 Documenli
847 688 894 717 sui
911 687 1030 717 dissidii
1047 687 1278 727 Francescani.)

581 738 691 769 8391.
709 760 745 763 -
765 741 919 779 Epistola
934 741 1109 771 Guillelmi
1130 741 1270 777 Truelli,
1289 742 1432 780 archipr.
1454 743 1494 772 de
1507 744 1690 778 (iardubio,
1708 744 1940 775 Romandiolze
1966 746 2129 783 thesaur.‚

502 783 503 794 ¹
537 794 663 824 directa
687 794 809 824 Joanni
839 794 986 833 Rigaldi,
1012 803 1084 824 can.
1113 795 1267 829 Remen.,
1297 795 1438 825 ducatus
1467 796 1639 834 Spoletani
1662 797 1823 833 thesaur.‚
1845 807 1946 836 super
1959 799 2129 829 solutione

536 847 630 876 mille
646 848 717 877 flor.
737 847 809 876 auri
828 847 894 885 ipsi
915 856 973 885 per
990 847 1025 877 P.
1042 848 1078 876 P.
1094 847 1355 885 assignatorum,
1373 850 1404 878 et
1423 857 1481 887 per
1494 850 1689 879 societatem
1706 850 1921 880 Azaiolorurn
1938 852 1977 881 de
1994 852 2129 882 Floren-

534 901 581 930 tia
599 900 735 938 ipsimet
752 900 952 930 solutorum.
975 900 1026 939 (A.
1042 901 1092 935 54,
1111 900 1132 929 f.
1148 902 1232 936 535.)

579 950 688 980 8392.
707 971 743 974 —
757 953 943 982 Processus
956 953 1204 982 adinstantiam
1220 954 1392 992 Ayinerici
1410 955 1449 984 de
1464 955 1646 989 Clarentio,
1659 956 1872 994 stipendiarii
1888 957 2011 995 equitis
2026 958 2124 988 Hom.

532 1006 621 1036 Eccl.
647 1005 726 1035 facti
755 1014 857 1044 super
888 1005 1101 1036 restitutione
1120 1006 1220 1044 pretii
1237 1007 1339 1036 unius
1358 1007 1486 1037 roncini
1502 1008 1625 1046 perditi
1648 1008 1682 1037 in
1701 1009 1839 1039 servitio
1858 1010 1963 1047 ejusd.
1982 1010 2071 1040 Eccl.
2092 1012 2126 1040 in

533 1059 654 1088 ducatu
672 1059 871 1097 Spoletan03
896 1067 971 1088 cum
1000 1059 1211 1096 depositione
1238 1060 1376 1089 testium
1394 1062 1425 1090 et
1448 1061 1589 1090 ducatus
1609 1061 1720 1099 ipsius
1740 1062 1880 1091 rectoris
1897 1063 2064 1093 sententia
2081 1064 2128 1093 fa-

534 1111 688 1142 vorabili.
708 1113 759 1151 (A.
777 1114 827 1146 54,
846 1112 867 1142 f.
892 1113 963 1146 536,
978 1114 1057 1146 537;
1076 1112 1124 1142 De
1143 1112 1247 1150 Loye,
1268 1122 1317 1152 op.
1337 1113 1403 1148 cit..
1422 1122 1454 1152 p.
1470 1114 1555 1152 203.)

576 1162 686 1192 8393.
708 1164 869 1194 —Mand
899 1165 1083 1194 Raimundi
1112 1165 1152 1195 de
1177 1165 1317 1204 Pojohs,
1338 1166 1511 1205 Spoletani
1545 1167 1688 1197 ducatus
1723 1168 1874 1204 rectoris,
1904 1168 2067 1198 directum
2085 1170 2126 1199 ad

497 1252 498 1258 ἵ
530 1218 695 1248 Joannem
723 1218 871 1256 Rigaldi,
895 1218 1002 1256 ejusd.
1020 1218 1162 1248 ducatus
1189 1218 1350 1255 thesaur.,
1371 1221 1406 1249 ut.
1422 1220 1461 1249 de
1478 1220 1621 1258 pecunia
1637 1220 1785 1250 Camerae
1802 1222 1919 1259 Apost.
1940 1222 2126 1252 satisfaciat

497 1265 498 1298 l
529 1271 712 1301 Guillelnio
738 1271 907 1304 Rainaldi,
933 1271 1163 1306 conestabulo,
1183 1272 1222 1301 de
1239 1272 1419 1310 stipendiis
1438 1273 1510 1302 suis
1528 1275 1559 1303 et
1578 1282 1653 1302 xxiv
1672 1273 1876 1304 famulorum
1893 1274 2002 1304 ducali
2026 1276 2126 1305 curiae

530 1324 762 1354 servientium.
784 1324 835 1362 (A.
855 1325 905 1359 54,
926 1324 947 1353 s.
965 1324 1051 1361 538.)

573 1374 683 1404 8394.
701 1394 737 1398 —
756 1377 959 1415 Computum
976 1377 1071 1416 grani
1093 1378 1132 1407 de
1152 1378 1308 1407 mandato
1325 1378 1455 1416 przefati
1471 1378 1674 1409 thesaurarii
1688 1380 1803 1410 traditi
1825 1379 1913 1410 Colae
1934 1380 2126 1411 Palmeruc-

528 1430 590 1466 cio,
608 1431 804 1469 pagnoterio
829 1439 888 1460 seu
912 1431 1086 1468 panaterio
1114 1431 1273 1461 antedicti
1300 1432 1452 1467 rectoris,
1471 1432 1655 1462 ascendens
1673 1432 1713 1462 ad
1732 1442 1851 1462 cccxxx
1873 1441 1999 1471 cuppas
2015 1435 2122 1472 grani.

529 1483 578 1519 (A.
599 1485 647 1516 54,
664 1483 687 1513 f.
704 1485 789 1520 539.)

572 1533 681 1563 3395.
705 1536 939 1571 —Quittantia
969 1545 990 1566 x
1014 1538 1190 1567 unciarum
1222 1538 1362 1576 argenti,
1384 1547 1469 1567 xxiii
1503 1540 1709 1572 tarenorum,
1732 1540 1764 1568 et
1792 1548 1826 1568 1x
1855 1547 2034 1577 granorum
2063 1550 2122 1579 per

525 1589 747 1619 Guillelmum
761 1589 800 1619 de
821 1589 943 1619 Sancto
959 1590 1077 1622 Paulo.
1096 1591 1244 1621 thesaur.
1264 1590 1413 1621 Camerae
1431 1593 1539 1629 apost.
1562 1591 1595 1621 in
1612 1592 1748 1622 civitate
1765 1592 2000 1623 Beneventana
2020 1594 2122 1632 depu-

525 1643 645 1678 tatum,
673 1643 862 1672 solutorum
886 1643 1009 1672 Joanni
1037 1644 1168 1682 Crispo,
1197 1644 1237 1673 de
1265 1644 1420 1682 Neapoli,
1450 1645 1624 1682 spetiario,
1656 1653 1715 1682 pro
1734 1644 1836 1674 rebus
1861 1645 2120 1676 medicinalibus

526 1695 687 1725 exhibitis
710 1695 822 1725 tribus
846 1695 1009 1726 fratribus
1031 1698 1063 1726 et
1089 1705 1149 1726 sex
1170 1696 1391 1735 cappellanis,
1414 1705 1451 1727 ac
1475 1697 1552 1727 aliis
1580 1700 1733 1735 personis
1754 1698 1981 1728 existentibus
2002 1699 2036 1728 in
2052 1708 2121 1730 mo-

526 1750 614 1778 nast.
632 1758 658 1778 S.
677 1749 766 1778 Petri
787 1749 828 1778 ad
845 1750 947 1779 Aram
965 1749 1004 1779 de
1021 1749 1176 1788 Neapoli.
1194 1750 1246 1788 (A.
1262 1751 1312 1785 54,
1332 1750 1352 1780 f.
1374 1750 1459 1788 540.)

570 1798 678 1829 8398,
697 1820 733 1822 -
754 1812 768 1830 (ι
789 1802 915 1832 Cedula
932 1802 1084 1832 ordinata
1101 1811 1160 1841 per
1182 1803 1365 1833 Dominum
1384 1811 1484 1841 super
1501 1803 1633 1842 negotio
1648 1803 1776 1833 domini
1793 1804 1974 1834 Treveren.
1997 1814 2011 1833 >³
2028 1822 2063 1828 --
2081 1806 2119 1835 In

525 1863 590 1893 qua
610 1855 727 1884 cedula
751 1855 965 1885 continentur
990 1855 1123 1894 singula
1142 1864 1215 1894 quae¹
1238 1856 1349 1885 dictus
1365 1857 1454 1886 dom.
1472 1857 1653 1886 Treveren.
1673 1856 1770 1886 debet
1787 1857 1894 1887 facere
1911 1857 1953 1887 ad
1968 1857 2120 1887 obtinen-

491 1925 493 1930 =
525 1908 599 1937 dam
615 1908 757 1946 gratiam
786 1908 820 1937 P.
840 1908 876 1938 P.
894 1910 926 1938 et
942 1908 1141 1938 beneficium
1165 1908 1391 1939 absolutionis
1409 1917 1415 1937 ι
1441 1910 1580 1940 Summo
1605 1909 1760 1939 Pontifici
1779 1909 2005 1940 obedientiam
2028 1910 2119 1940 exhi-

523 1960 633 1991 bebit:
649 1961 776 1999 jurabit
800 1970 835 1990 se
854 1961 1039 1991 credidisse
1063 1963 1095 1991 et
1112 1962 1248 1991 credere
1265 1962 1355 2000 quod
1372 1971 1436 1992 non
1451 1964 1580 2000 spectat
1599 1963 1639 1992 ad
1656 1963 1898 2000 Imperatorem
1920 1963 2047 2002 Papam
2064 1964 2119 1993 de-

523 2022 646 2052 ponere
664 2016 694 2044 et
712 2014 816 2043 alium
837 2014 979 2053 eligere3
1000 2015 1130 2045 Bavaro
1149 2015 1344 2045 nullatenus
1362 2015 1395 2044 in
1415 2017 1513 2045 antea
1536 2015 1762 2054 participabit,
1779 2016 1841 2046 etc.
1864 2016 1913 2055 (A.
1931 2017 1981 2053 54,
1999 2016 2021 2046 f.
2038 2018 2115 2052 5423

490 2088 491 2096 1
523 2067 669 2102 Riezler‚
688 2076 718 2096 n.
738 2069 828 2102 2059,
848 2067 881 2097 in
899 2069 982 2104 ext.)
