2376 3334
208 227 265 255 376
303 205 462 253 ΒΕΝκῙΒ.
487 221 550 251 XII
566 238 602 241 —
620 219 825 249 Ll'r'l‘fflmi
850 217 1101 251 COMMVNI&
1129 216 1209 246 sEU
1235 215 1524 246 DIVERSARUM
1551 214 1813 245 FORMARUM.
1831 232 1867 236 -—
1885 214 1995 246 ANNI
2018 215 2081 246 VII
2100 215 2221 253 (1341)

238 312 339 338 Datum
359 307 539 339 Arenione.

333 622 444 655 19ja11.

282 669 342 701 (xn‘
360 666 415 692 kal.
434 666 502 695 seb.)

337 712 366 736 Ἰ’.
383 710 438 736 xli.

326 781 361 808 2!
380 782 444 814 jan.

284 830 337 859 (xn
354 826 410 852 kal.
429 825 496 856 seb.)

350 871 379 896 T.
400 869 429 895 X.

258 1100 293 1127 Ut
310 1108 332 1126 s.
347 1115 379 1119 —
396 1100 426 1126 T.
444 1099 513 1125 xvi.

330 1415 366 1441 26
381 1415 446 1448 jan.

290 1464 330 1494 (ix
347 1461 403 1486 kal.
422 1458 490 1490 seb.)

329 1508 358 1534 T.
378 1507 447 1533 XVI.

330 1737 366 1764 31
385 1737 447 1771 jan.

290 1785 323 1813 (11
341 1781 399 1808 kal.
420 1781 489 1816 seb.)

349 1826 377 1851 T.
395 1826 426 1852 X.

274 2055 310 2082 Ut.
326 2064 348 2082 s.
366 2071 401 2075 —-
419 2056 448 2081 T.
471 2057 501 2082 X.

264 2213 283 2240 3
298 2216 343 2247 (111
363 2214 443 2249 non.)
459 2214 512 2247 feb.

320 2259 349 2284 T.
367 2259 460 2285 xxiv.

288 2521 305 2546 9
321 2521 350 2555 (v
368 2520 418 2551 id.)
437 2519 491 2554 feb.

337 2565 366 2590 T.
388 2565 445 2591 xii.

630 410 822 439 Palinurum
836 408 998 437 violenter
1014 408 1178 437 adducere
1195 408 1226 436 et
1244 415 1356 436 ramos
1374 406 1561 444 palnniruni
1574 405 1699 434 ibidem
1710 405 1802 439 dare,
1818 413 1854 434 ac
1866 405 1900 434 in
1913 405 1966 435 die
1979 405 2074 435 Jovis
2086 406 2219 441 sanctae,

629 462 784 492 Cbrisma
802 461 977 496 conficere,
1005 469 1040 489 ac
1058 460 1089 489 in
1109 459 1253 498 quadam
1271 459 1399 497 capella
1416 458 1525 488 eidem
1543 457 1622 488 cccl.
1643 458 1797 495 contigua
1820 458 1962 487 missam
1979 457 2148 488 celebrare
2163 466 2221 496 per

629 515 697 544 vim
715 516 746 544 et
760 516 887 543 metum
905 513 1150 551 compulerunt.
1166 512 1276 542 Mand.
1293 512 1395 542 etiam
1410 512 1445 540 ut
1461 519 1577 540 omnes
1591 510 1779 549 culpabiles
1792 510 1936 540 citentur
1950 510 2083 540 utinsra
2097 511 2137 541 40
2150 510 2221 540 dies

630 569 736 605 apost.
759 566 953 604 conspectui
975 574 1010 595 se
1031 566 1243 604 praesentent.
1263 564 1317 603 (V.
1341 565 1407 599 129,
1427 573 1457 592 n.
1479 565 1543 595 51.)

673 617 782 647 9029.
794 637 831 640 -
848 619 871 647 Α
880 618 967 656 ils'uc.
987 619 1031 646 rei
1047 628 1130 647 mem.
1147 619 1339 647 reservatur
1353 616 1501 654 provisio
1517 618 1660 646 monast.
1681 615 1947 653 Aquiscincten.,
1963 616 2000 646 O.
2016 616 2048 645 S.
2064 615 2116 651 B.‚
2130 616 2222 646 Atre-

630 672 739 702 baten.
759 672 817 707 di„
838 680 895 709 per
913 671 993 701 obit.
1010 671 1152 701 Joannis
1171 670 1244 700 abb.
1265 678 1335 699 vac.
1357 669 1411 708 tV.
1434 670 1501 704 129,
1516 677 1547 698 n.
1566 668 1649 706 103.)

675 774 784 805 0030.
805 794 839 798 —
859 776 959 815 Ρνῑεμ.
977 786 999 805 s.
1020 775 1152 805 Secundi
1166 776 1285 811 Asten„
1306 780 1332 804 ct
1347 774 1458 803 rei-cori
1470 773 1505 803 dc
1521 773 1718 812 Castaqraco,
1735 773 1944 809 Aslen.di.,ac
1962 773 2113 813 qardiano
2127 773 2224 802 Mino-

630 840 695 859 rum
715 831 830 865 Asten„
861 829 972 859 mand.
997 830 1033 858 ut
1051 829 1153 858 citent
1176 837 1235 866 pro
1257 827 1402 858 secunda
1420 829 1451 857 et
1468 826 1695 865 peremptoria
1718 826 1789 856 vice
1809 826 1983 862 Facinum,
2006 828 2133 865 perpet.
2149 835 2221 864 cap.

630 885 761 918 Asten„
779 882 860 912 olim
880 885 1041 912 rectorem
1062 881 1140 912 eccl.
1157 881 1196 911 de
1215 881 1416 918 Antignano,
1435 879 1624 915 Aste11.tli.,
1639 881 1671 909 et
1686 878 1850 909 Jacobum
1864 879 2024 916 Vacham,
2042 879 2082 909 de
2096 879 2220 909 Monte-

630 936 732 971 claro,
745 936 822 965 cler.
843 935 949 974 ejusd.
971 934 1029 969 di.‚
1049 934 1221 964 tricesima
1236 934 1290 963 die
1307 935 1382 971 post
1397 932 1591 962 citationem
1612 931 1819 970 hujusmodi,
1839 931 1900 961 sub
1920 931 2223 970 poenaprivationis

631 989 870 1019 beneficiorum
889 996 1039 1023 suorum,
1057 995 1168 1017 coram
1187 987 1222 1017 P.
1242 987 1277 1016 P.
1297 985 1597 1024 coniparitiiros‚et
1615 993 1716 1023 super
1729 984 1830 1014 certis
1844 984 2224 1024 negotiisipsumint'or-

632 1043 795 1072 maturos.
819 1041 871 1079 (A.
891 1042 941 1076 55,
961 1040 982 1069 f.
1000 1042 1053 1075 64,
1077 1040 1112 1070 V.
1135 1041 1203 1074 129,
1224 1048 1255 1069 n.
1275 1038 1360 1076 213.)

676 1094 685 1104 ⁶
710 1092 822 1121 9031.
843 1111 880 1115 —
899 1092 1058 1122 Bernardo
1079 1092 1114 1122 de
1138 1093 1232 1128 Lacu,
1258 1102 1324 1121 can.
1356 1091 1538 1127 lintheum„
1568 1091 1679 1119 rectori
1706 1090 1835 1121 Patrim.
1865 1090 1901 1119 B.
1932 1090 2018 1119 Petri
2044 1090 2073 1118 in
2103 1089 2223 1127 Tuscia,

632 1147 742 1177 mand.
770 1148 805 1176 ut
832 1146 906 1176 nob.
940 1146 1147 1185 Hugolinum
1170 1145 1363 1179 Boncontis,
1391 1147 1423 1175 et
1450 1144 1571 1174 fratres
1595 1152 1674 1173 suos
1699 1144 1738 1173 de
1763 1144 1861 1173 domo
1888 1143 2171 1177 Monaldensium,
2193 1144 2225 1173 et

632 1200 825 1230 Petrucium
844 1200 936 1229 Petri
956 1199 1109 1235 Comitis,
1131 1199 1221 1228 cives
1246 1198 1448 1228 intrinsecos
1467 1197 1682 1231 Urbevetan.,
1708 1205 1749 1226 ex
1777 1197 1871 1235 parte
1893 1205 1970 1232 una,
1989 1197 2021 1226 et
2041 1195 2118 1226 nob.
2136 1195 2225 1226 filios

632 1253 754 1291 quond.
775 1252 961 1282 Hermanni
983 1253 1014 1282 et
1037 1251 1176 1282 Berardi
1201 1251 1240 1281 de
1266 1250 1555 1284 Monaldensibus,
1584 1250 1674 1279 cives
1705 1249 1907 1280 Urbevetan.
1935 1249 2156 1283 extrinsecos,
2184 1256 2225 1278 ex

632 1306 750 1341 altera,
769 1305 863 1335 salvo
880 1307 991 1335 tamen
1007 1304 1081 1344 jure
1100 1305 1198 1335 Rom.
1215 1304 1316 1339 Ech,
1336 1304 1376 1334 ad
1394 1303 1584 1333 faciendum
1605 1310 1721 1341 pacem
1738 1302 1936 1333 auctoritate
1954 1303 2061 1340 apost.
2081 1301 2225 1340 compel-

632 1359 688 1389 lat.
708 1359 760 1397 (V.
785 1360 851 1393 129,
873 1367 904 1387 n.
926 1357 989 1392 15.)

676 1411 685 1421 ‘
712 1408 820 1439 9032.
840 1430 876 1433 —
895 1410 977 1450 Ερ.ο
996 1409 1172 1450 6Ζαεῃαρη,,
1189 1410 1300 1440 mand.
1318 1411 1366 1445 ut,
1385 1409 1511 1439 consid.
1529 1408 1648 1441 David.
1663 1409 1753 1446 regis
1768 1408 1900 1444 Scotiae,
1917 1409 2002 1438 auct.
2019 1408 2126 1446 apost.
2141 1407 2225 1437 fruc—

632 1466 687 1495 tus
704 1466 895 1502 spectantes
919 1463 960 1493 ad
981 1463 1082 1501 praeb.
1107 1464 1146 1493 de
1164 1464 1230 1493 Are
1254 1463 1287 1492 in
1308 1463 1388 1492 eccl.
1410 1462 1605 1500 (ssas-quen,
1625 1470 1682 1499 per
1699 1461 1780 1491 obit.
1802 1460 1971 1490 Willelmi
1989 1460 2028 1490 de
2043 1460 2225 1499 Lyndesay

632 1526 716 1552 vac..
734 1526 835 1555 super
853 1525 917 1555 qua
933 1517 1081 1546 Joannes
1099 1517 1191 1546 More
1212 1518 1244 1545 et
1265 1515 1476 1550 willelmus,
1494 1515 1630 1545 Thomae
1649 1514 1689 1544 de
1705 1514 1885 1553 Lyndesay
1905 1513 2008 1550 filius,
2025 1513 2138 1543 clerici
2158 1521 2226 1543 suae

633 1570 677 1599 di.
691 1570 835 1608 litigant,
854 1572 1067 1607 sequestrare
1083 1570 1113 1598 et
1132 1569 1301 1598 custodire
1318 1569 1484 1606 procuret,
1503 1567 1717 1597 exhibiturus
1734 1567 1767 1596 id
1784 1567 1874 1605 quod
1892 1567 1931 1597 de
1947 1565 2113 1596 fructibus
2127 1566 2224 1604 ipsis,

633 1623 756 1653 debitis
776 1623 996 1661 supportatis,
1015 1622 1182 1660 supererit
1199 1622 1248 1651 illi
1269 1622 1325 1660 qui
1348 1620 1449 1660 prael).
1472 1621 1629 1650 canonice
1649 1619 1825 1650 obtinebit.
1845 1619 1897 1657 (V.
1916 1620 1983 1653 129,
2002 1628 2033 1649 n.
2053 1621 2105 1654 163
2122 1619 2224 1655 Bliss,

633 1677 677 1710 II,
697 1685 727 1714 p.
749 1676 833 1713 550.)

676 1726 787 1756 9033.
807 1745 843 1749 -
860 1728 936 1757 Abb.
959 1732 1084 1757 monast.
1101 1738 1124 1756 s.
1141 1727 1271 1757 loannis
1290 1727 1323 1756 de
1344 1726 1520 1763 Orbisterio,
1541 1726 1573 1755 O.
1591 1728 1625 1756 S.
1646 1726 1697 1759 B.,
1713 1725 1839 1755 Lucion.
1854 1725 1909 1760 di.‚
1925 1726 2038 1755 mand.
2056 1726 2091 1755 ut
2108 1725 2225 1763 aliqui-

633 1782 695 1812 bus
713 1781 886 1811 monachis
905 1781 984 1811 dicti
1007 1782 1150 1811 monast.
1173 1781 1212 1810 ad
1234 1780 1448 1810 serviendum
1469 1780 1502 1809 in
1525 1779 1651 1809 divinis
1671 1779 1724 1809 off.
1745 1780 1775 1809 et
1795 1779 1836 1808 ad
1855 1778 2043 1808 custodiam
2061 1786 2175 1808 secum
2192 1777 2226 1807 in

633 1835 749 1865 eodem
762 1836 905 1864 monast.
922 1834 1072 1870 retentis,
1092 1833 1241 1872 reliquos
1256 1841 1344 1862 mon.
1358 1835 1390 1862 et
1401 1841 1582 1862 conversos
1596 1832 1628 1862 in
1640 1832 1717 1862 aliis
1731 1833 1875 1861 monast.
1894 1831 2013 1861 vicinis
2030 1831 2136 1870 ejusd.
2154 1831 2223 1861 ord.

633 1897 692 1927 per
711 1888 857 1926 priorem
878 1889 1021 1917 monast.
1042 1887 1082 1917 de
1098 1887 1244 1926 AngliiS,
1264 1886 1446 1916 Lucionen.
1464 1886 1522 1921 di„
1540 1886 1617 1924 poni
1635 1887 1666 1915 et
1683 1884 1787 1915 locari
1806 1884 1905 1920 sinat,
1921 1884 2019 1923 juxta
2035 1884 2225 1914 litterarum

633 1941 697 1971 eid.
722 1941 826 1979 priori
854 1941 1057 1970 directarum
1081 1940 1333 1975 continentiam,
1363 1947 1539 1978 quousque
1568 1939 1695 1968 dictum
1723 1938 1867 1968 monast.
1896 1937 1998 1968 fuerit
2021 1938 2223 1975 reparatum.

633 1993 685 2032 (A.
705 1995 754 2029 55,
772 1993 794 2023 f.
815 1995 873 2029 94;
898 1993 932 2022 V.
955 1995 1022 2028 129,
1041 2002 1072 2022 n.
1091 1995 1168 2028 2633
1186 1993 1228 2023 cf.
1246 2001 1278 2022 n.
1295 1992 1399 2031 8939.)

677 2044 787 2074 9034.
807 2064 843 2067 —
860 2046 965 2075 Priori
982 2051 1108 2075 monast.
1128 2046 1162 2075 de
1179 2046 1202 2075 A
1210 2045 1312 2085 nqlie's,
1326 2055 1380 2084 per
1391 2045 1526 2085 priorem
1542 2044 1624 2074 soliti
1638 2044 1722 2083 gub„
1739 2044 1902 2073 Lucionen.
1924 2043 1981 2078 dil,
1994 2043 2105 2073 mand.
2119 2044 2155 2073 ut
2168 2043 2226 2073 ali-

633 2109 717 2139 quos
732 2099 913 2130 monachos
927 2099 1007 2130 dicti
1026 2101 1168 2129 monast.
1190 2108 1216 2129 s.
1234 2099 1375 2130 Joannis
1392 2099 1432 2128 de
1449 2098 1637 2129 Orbisterio
1654 2098 1695 2127 ad
1710 2097 1967 2136 requisitionem
1984 2096 2060 2126 abb.
2076 2096 2226 2135 praedicti

633 2153 772 2183 collocet
791 2153 824 2182 in
844 2152 1061 2183 monasteriis
1079 2152 1340 2182 circumvicinis.
1360 2152 1412 2191 (A.
1429 2153 1479 2187 55,
1500 2151 1521 2180 f.
1542 2152 1599 2186 943
1624 2150 1657 2180 V.
1675 2151 1743 2186 129,
1762 2159 1793 2180 n.
1813 2151 1896 2187 264.)

678 2205 687 2215 ”
712 2202 822 2233 9035.
841 2223 877 2227 -—
892 2204 1014 2234 Dormio
1032 2205 1102 2234 eccl.
1121 2204 1316 2240 Atrebatem„
1333 2209 1359 2233 el
1374 2203 1504 2243 officiali
1523 2203 1765 2242 Petraqoricen..
1781 2202 1893 2233 mand.
1909 2204 1943 2233 ut
1960 2202 2000 2232 ad
2016 2201 2095 2232 eccl.
2112 2201 2226 2232 Petra-

633 2259 778 2297 goricen.
797 2267 832 2288 se
851 2258 1105 2289 transferentes,
1125 2258 1164 2288 de
1182 2258 1270 2287 statu
1288 2259 1319 2287 et
1333 2256 1521 2287 redditibus
1540 2257 1651 2295 ipsius
1668 2256 1761 2291 6661,
1782 2264 1818 2286 ac
1837 2256 1876 2286 de
1893 2255 2095 2294 quibusdam
2114 2263 2225 2285 exces-

634 2311 740 2346 sibus,
763 2320 834 2350 quae
859 2311 891 2340 in
911 2319 949 2341 ea
969 2311 1225 2340 committuntur
1246 2310 1442 2349 diligentius
1464 2309 1651 2348 inquirant,
1679 2308 1852 2338 baillivias
1873 2309 1906 2339 et
1928 2308 1995 2338 alia
2017 2307 2105 2338 bona
2127 2307 2225 2346 capit.

634 2363 781 2394 indebite
800 2363 944 2394 alienata
967 2363 1008 2393 ad
1035 2371 1186 2394 mensam
1206 2363 1313 2402 ejusd.
1341 2362 1439 2401 capit.
1463 2363 1630 2398 revocent,
1660 2363 1692 2392 et
1714 2361 1799 2392 duos
1823 2361 2002 2392 canonicos
2027 2368 2227 2399 prosperum

634 2418 758 2447 statum
772 2417 922 2446 zelantes
938 2417 1041 2446 citent
1056 2425 1167 2446 coram
1186 2416 1266 2446 FP.
1285 2415 1509 2455 personaliter
1525 2415 1771 2454 comparituros
1792 2415 1823 2444 et
1845 2414 1958 2453 ipsum
1973 2413 2224 2444 informaturos.

634 2469 684 2507 (A.
705 2471 754 2504 55,
775 2469 797 2499 f.
816 2471 856 2500 62
872 2473 923 2502 νος
949 2469 983 2498 V.
1002 2471 1070 2506 129,
1089 2478 1120 2499 n.
1139 2469 1223 2508 211.)

677 2519 786 2549 9036.
806 2538 843 2543 -
862 2522 943 2561 Maq.
972 2527 999 2551 et
1024 2522 1138 2561 fratres
1159 2521 1327 2562 Hospitalis
1343 2531 1366 2550 s.
1387 2520 1493 2550 Mariae
1512 2520 1767 2550 Tkeatonicorum
1785 2520 1815 2549 in
1834 2519 1972 2557 Livonia,
1989 2519 2164 2549 hortantur
2178 2520 2225 2555 ut,

634 2583 693 2613 pro
709 2575 823 2604 divina
841 2576 872 2605 et
891 2575 1008 2613 Apost.
1027 2575 1124 2605 Sedis
1143 2575 1344 2610 reverentia,
1365 2574 1502 2605 abbates
1523 2576 1555 2605 et
1571 2583 1665 2604 conv.
1688 2574 1832 2604 monast.
1852 2573 1892 2603 de
1910 2573 2092 2610 XValkana,
2110 2572 2149 2603 de
2167 2572 2227 2602 Pa-

634 2628 705 2662 des,
731 2629 762 2657 et
786 2627 825 2657 de
842 2627 1036 2663 Guthualia,
1062 2627 1144 2657 Cist.
1171 2627 1256 2665 ord,
1284 2627 1477 2664 Tarbaten.,
1501 2627 1674 2658 Revalien.
1702 2628 1734 2656 et
1757 2626 1940 2665 Lincopen.
1962 2626 2020 2661 di.‚
2044 2632 2226 2663 eorumque

633 2681 775 2710 monast.
793 2679 972 2710 defendant
991 2689 1009 2709 a
1027 2679 1290 2717 turbationibus,
1309 2680 1440 2719 spoliis,
1460 2680 1593 2710 damnis
1610 2681 1641 2710 et
1664 2679 1801 2718 injuriis
1823 2679 1872 2709 eis
1895 2678 2001 2709 illatis
2026 2687 2084 2717 per
2101 2677 2225 2717 capita-

634 2741 733 2762 neum
755 2732 848 2771 regni
872 2732 997 2768 Daciae,
1021 2733 1077 2771 qui
1099 2732 1236 2763 cuilibet
1251 2734 1394 2763 monast.
1410 2734 1469 2763 400
1483 2732 1607 2762 march.
1629 2740 1695 2771 arg.
1716 2740 1776 2771 pro
1796 2741 1811 2760 «
1829 2731 1924 2761 tallia
1944 2740 1960 2761 >›
1978 2733 2102 2762 temere
2119 2731 2223 2768 impo—

634 2786 701 2815 suit
716 2786 750 2815 in
767 2785 1017 2823 derogationem
1036 2785 1272 2815 ecclesiasticae
1289 2785 1469 2822 libertatis,
1486 2785 1610 2824 quique
1627 2784 1821 2823 hujusmodi
1839 2784 2061 2823 pecuniarum
2075 2791 2225 2814 summas

634 2847 691 2877 per
707 2838 894 2876 captionem
912 2846 1131 2876 personarum
1145 2839 1175 2868 et
1192 2837 1368 2873 bonorum,
1389 2847 1448 2876 pro
1468 2838 1585 2876 majori
1600 2839 1693 2876 parte
1711 2837 1744 2867 in
1760 2837 1848 2867 dicto
1871 2846 1973 2876 regno
1992 2836 2223 2872 existentium,

633 2893 832 2929 extorquere
849 2890 988 2927 nititur;
1009 2891 1144 2921 aliunde
1164 2891 1237 2929 ipsa
1256 2893 1397 2921 monast.
1420 2891 1452 2920 in
1471 2891 1742 2921 Christianorum
1759 2889 1883 2920 finibus
1906 2890 2091 2920 constituta
2109 2898 2127 2919 a
2144 2897 2221 2919 non-
