2376 3334
191 256 249 284 304
450 252 725 282 APPENDIc‘Es
750 250 809 280 AD
831 249 1011 279 SEXTUM
1034 250 1247 280 BFLLARH
1270 250 1507 280 BENEDic'rl
1532 250 1595 279 xli
1620 249 1780 280 ANNUM
1803 250 1923 288 (1340)

286 417 462 450 Avenione.

315 471 349 497 45
366 474 434 504 sepi.

219 581 296 614 Apud
320 574 532 607 Sislaricmn.

319 629 348 654 17
367 631 434 660 ss’pt.

191 735 393 779 Inprioraln
405 745 430 764 s.
442 730 559 766 illarii,
584 725 586 740 ¹

241 787 436 820 sistaricen.
458 784 506 817 di.

314 843 348 867 21
366 843 433 873 M'l'l-

296 1000 451 1044 Neapoli.

308 1056 346 1081 2ἴῖ
368 1058 438 1087 solit.

296 1159 450 1203 Neapoli.

312 1213 349 1239 24
367 1216 434 1246 sept.

284 1265 468 1298 Avenione.

330 1319 346 1345 4
364 1322 416 1345 oct.

285 1374 310 1404 A
319 1371 468 1403 renione.

330 1424 346 1450 5
367 1428 418 1449 orl.

294 1529 450 1573 Neapoli.

332 1584 348 1609 5
365 1588 406 1609 04:1⁴
413 1604 417 1607 .

307 1745 444 1784 Casium.

323 1794 356 1821 13
369 1798 420 1820 Otft.

284 1847 465 1881 Avenione.

322 1902 356 1927 16
376 1904 428 1926 ort.

228 2009 305 2043 Apud
328 2003 515 2047 Aquinum.

320 2058 355 2082 16
374 2060 426 2082 oct.

306 2102 441 2144 Capua).

314 2154 349 2179 21
373 2157 425 2179 ortt.

233 2265 310 2298 Apud
326 2259 509 2303 Aquinum.

318 2313 357 2339 25
375 2316 427 2339 ort.

335 2365 368 2391 Lsst
389 2374 411 2390 s.

318 2409 355 2435 27
372 2413 424 2435 oet.

235 2580 313 2614 Apud
328 2575 512 2618 Aquinum.

327 2628 345 2654 2
361 2636 419 2654 nov.

222 2739 324 2765 Datum
343 2734 525 2766 Aven‘ione.

336 2788 355 2814 2
365 2795 426 2814 που.

295 2840 452 2884 Neapoli.

327 2893 344 2919 8
364 2901 426 2919 nov.

658 411 767 441 8322.
790 431 826 435 —-
844 414 991 443 Joannes
1005 413 1185 448 Gaudioni,
1201 414 1344 444 clericus
1362 414 1545 448 Turonen„
1559 413 1617 451 qui
1633 413 1904 452 praeposituram,
1920 423 2038 446 canon.
2054 416 2085 445 et
2103 416 2205 454 praeb.

613 467 762 496 ecclesia>
793 466 1026 502 Candatensis,
1047 467 1215 496 Turonen.
1235 467 1294 502 di.,
1312 468 1429 505 Apost.
1450 465 1527 495 Sedi
1550 474 1690 501 reserv.,
1710 466 1858 497 indebite
1876 470 2096 506 occupaverat
2121 469 2208 500 cedit

609 520 744 558 juribus
761 520 833 548 suis
850 520 876 548 si
900 527 972 557 quae
989 519 1088 549 habet
1105 520 1137 549 in
1155 520 1289 549 iisdem.
1312 519 1437 555 (Chart.
1457 518 1513 548 fol.
1538 535 1575 538 —
1590 518 1639 548 Cf.
1658 527 1689 548 n.
1706 520 1796 555 8303,
1813 521 1902 556 8310,
1921 521 2011 556 8314,
2031 522 2134 559 8316.)

657 569 766 599 8323.
786 588 822 593 —
837 572 980 601 Joannis
998 572 1162 607 Redortfi,
1181 581 1253 610 cap.
1272 574 1304 602 et
1331 571 1488 601 officialis
1505 571 1715 607 Sistarieen„
1733 573 1832 610 epist.
1850 572 1891 602 ad
1912 572 2129 611 Gasbertum‚
2149 575 2208 605 Ca-

612 625 794 655 merarium
812 625 850 654 P.
873 625 920 660 P„
940 625 1027 654 circa
1047 625 1310 663 publicationem
1328 624 1550 663 quarumdam
1568 624 1633 653 litt.
1652 624 1731 654 dicti
1751 625 1937 655 Camerarii
1952 626 2085 657 factam.
2101 627 2206 666 <Orig.

612 687 702 716 perg.
724 679 830 716 parv.)

657 728 765 758 8324.
780 748 818 752 —
845 731 989 760 Artaudi
1016 731 1055 761 de
1083 740 1109 761 3.
1128 731 1297 766 Mauritio⁷
1316 731 1442 768 prioris
1457 739 1483 759 s.
1500 730 1609 765 Marii,
1628 730 1666 760 O.
1687 730 1720 760 S.
1738 730 1790 767 B„
1814 730 2009 761 Sistaricen.
2027 732 2086 768 di.,
2107 733 2207 771 epist.

612 785 653 813 ad
671 785 796 813 dictum
814 784 1045 814 Camerarium
1074 784 1111 813 P.
1132 784 1169 814 P.
1187 784 1274 813 circa
1291 783 1554 821 publicationem
1571 783 1761 813 litterarum
1780 784 1890 822 ipsius
1909 784 2095 814 Camerarii
2114 787 2146 815 et
2162 786 2209 815 ci—

612 837 750 867 tationis
774 837 948 867 Guillelmi
978 837 1018 866 de
1044 838 1184 873 Vaesco,
1212 837 1345 870 militis,
1371 836 1582 874 aliorumque
1615 836 1671 874 qui
1696 836 1892 872 Henricum,
1911 836 1985 866 abb.
2006 840 2149 868 monast.
2168 839 2208 868 de

612 890 724 925 Hilda,
746 890 816 919 ord.
845 890 942 926 Cist.,
974 892 1005 920 et
1031 890 1315 920 Bartholomaemn
1344 889 1383 918 de
1411 889 1638 925 Scalefundis,
1663 898 1713 927 pr.
1736 889 1942 920 Caminicen.
1975 890 2034 924 di.,
2063 891 2104 920 ad
2131 890 2206 921 Sed.

614 945 729 981 Apost.
751 943 924 973 venientes
941 944 973 972 in
995 943 1115 973 itinere
1130 943 1405 972 vulneraverunt.
1424 941 1529 980 (Orig.
1547 944 1654 980 perg.)

656 994 765 1024 8325.
789 1014 825 1017 —
838 996 974 1026 Geraldi
991 997 1031 1025 de
1049 996 1159 1030 Valle,
1177 1004 1249 1025 can.
1269 995 1497 1033 Neapolitani,
1511 994 1702 1024 collectoris
1718 995 1749 1024 in
1765 1003 1867 1033 regno
1884 995 2008 1026 Siciliae
2026 996 2110 1026 citra
2126 996 2208 1026 Pha·

612 1059 698 1085 rum,
713 1049 857 1087 epistola
875 1050 913 1078 :ul
931 1049 1147 1084 Gasbertum,
1165 1049 1201 1078 P.
1220 1049 1256 1078 P.
1275 1048 1519 1083 Camerarium,
1532 1047 1620 1077 circa
1636 1047 1784 1086 spolium
1801 1048 1997 1084 Raimundi,
2010 1048 2077 1087 ep.i
2095 1049 2208 1079 Cassi-

612 1111 701 1137 nen.‚
726 1104 758 1132 et
776 1103 841 1140 ep.i
859 1102 1008 1132 Troiani.
1035 1102 1138 1140 (Orig.
1157 1101 1274 1139 chart.)

657 1153 767 1183 8328.
786 1173 820 1177 —-
837 1155 972 1185 Locatio
1001 1147 1225 1194 quorumdam
1253 1154 1418 1183 honorum
1444 1155 1586 1183 monast.
1606 1162 1631 1183 s.
1653 1153 1825 1183 Benedicti
1842 1154 1880 1183 de
1900 1154 2024 1192 Capua,
2046 1162 2106 1192 per
2125 1153 2207 1185 obit.

613 1209 789 1239 Bertrandi
807 1208 846 1238 de
865 1209 983 1242 Turre,
1001 1208 1104 1243 card..
1122 1207 1283 1237 vacantis.
1305 1207 1390 1243 (Fol.
1409 1206 1527 1246 chart.)

657 1259 766 1289 8327.
785 1278 821 1282 —-
839 1261 942 1297 Petri,
960 1261 1027 1299 ep.i
1044 1261 1170 1290 Montis
1192 1260 1332 1295 Marani,
1349 1260 1449 1298 epist.
1467 1260 1507 1290 ad
1523 1259 1679 1290 abbatem
1693 1259 1861 1298 Angelum
1877 1259 1993 1290 Jacobi
2008 1259 2153 1297 Nicolai,
2169 1260 2209 1291 de

612 1315 800 1348 Moncellis7
818 1315 982 1344 vicarium
1003 1323 1114 1348 suum,
1132 1322 1235 1352 ¹super
1251 1313 1408 1351 pluribus
1425 1313 1496 1342 suis
1514 1313 1670 1352 negotiis.
1693 1313 1799 1351 (Orig.
1818 1312 1935 1350 chart.)

657 1366 765 1396 8328.
785 1385 822 1388 —
838 1368 1035 1405 Prorogatio
1055 1367 1096 1396 ab
1113 1367 1265 1396 auditore
1281 1368 1313 1396 et
1332 1366 1480 1396 thesaur.
1495 1367 1643 1396 Gamerae
1659 1367 1777 1404 Apost.
1795 1366 1989 1396 conceditur
2004 1365 2204 1400 Humberto,

613 1422 780 1460 Dalphino
804 1421 983 1456 Viennen.‚
1006 1429 1065 1459 pro
1091 1420 1260 1449 solutione
1285 1420 1399 1454 3Ο,ΟΟΟ
1428 1420 1498 1449 flor.
1528 1419 1601 1448 auri
1628 1427 1701 1457 quae
1723 1428 1764 1449 ex
1790 1420 1907 1448 mutuo
1928 1419 2037 1449 eidem
2061 1418 2208 1449 Camerae

613 1474 721 1504 debet.
743 1474 845 1513 (Oi-ig.
864 1483 955 1512 perg.
973 1491 1009 1494 —
1023 1473 1073 1503 Cf.
1091 1482 1123 1502 n.
1143 1473 1249 1511 7595.)

657 1525 767 1556 8328.
788 1546 822 1549 —
843 1528 1004 1557 lustrum.
1024 1526 1280 1564 protestationis
1306 1526 1483 1556 Guillelmi
1501 1526 1541 1555 de
1566 1534 1592 1554 s.
1612 1525 1730 1560 Paulo,
1749 1524 1952 1561 collectoris,
1972 1525 2087 1554 contra
2116 1533 2210 1554 accu-

613 1582 778 1611 sationem
802 1581 965 1610 adversus
988 1588 1065 1609 eum
1082 1579 1205 1608 latam:
1226 1579 1355 1608 seilicet
1373 1579 1461 1617 quod
1487 1578 1703 1608 mandaverat
1730 1577 1904 1607 monachis
1929 1579 2073 1608 monast.
2097 1577 2207 1608 Cassi-

613 1643 687 1663 nen.
715 1643 754 1663 ne
773 1644 787 1662 «
806 1633 1047 1671 responderent
1069 1642 1083 1661 »
1099 1632 1249 1662 Gerardo
1274 1631 1313 1661 de
1338 1632 1445 1667 Valle.
1466 1631 1701 1661 commissario
1726 1632 1856 1669 Apost.,
1882 1631 1921 1660 de
1943 1630 2101 1661 thesauro
2127 1629 2207 1660 eccl.

612 1688 788 1717 Cassinen.
807 1687 911 1724 <Orig.
929 1686 1034 1724 perg.)

656 1738 765 1767 8330.
794 1757 830 1761 —
846 1740 1007 1768 lustrum.
1023 1739 1166 1777 depositi
1185 1738 1262 1768 sacti
1281 1747 1298 1767 a
1314 1737 1499 1768 Guillelmo
1516 1737 1556 1767 de
1573 1746 1600 1767 s.
1622 1737 1728 1766 Paulo
1745 1737 1784 1766 de
1803 1738 1893 1766 certa
1913 1736 2062 1775 pecuniae
2079 1736 2210 1775 quanti-

612 1796 677 1824 tate
698 1793 786 1832 apud
802 1792 1021 1823 Franciscum
1038 1792 1077 1821 de
1095 1791 1251 1827 Olibano,
1269 1791 1450 1820 notarium.
1468 1790 1573 1829 (Orig.
1592 1790 1697 1829 perg.)

656 1844 765 1874 8331.
787 1864 822 1867 —
839 1845 1046 1875 Bertrandus
1066 1844 1104 1873 de
1122 1845 1341 1877 Castronom.
1361 1844 1518 1874 Tolosam.
1537 1843 1594 1878 di..
1613 1843 1814 1873 domicellus
1834 1843 1868 1872 in
1886 1843 1982 1873 Rom.
2004 1842 2097 1872 curia
2114 1851 2210 1873 cons-

611 1901 744 1934 titutus.
764 1899 971 1937 recognoscit
991 1906 1026 1927 se
1046 1898 1215 1936 recepisse
1232 1898 1357 1927 certam
1377 1897 1596 1935 pecuniarum
1622 1896 1844 1935 quantitatem
1867 1904 1885 1925 a
1905 1895 2107 1934 quibusdam
2127 1904 2210 1926 mer-

612 1952 782 1983 catoribus
805 1951 1023 1982 Florentinis.
1044 1951 1147 1989 (Orig.
1167 1952 1272 1989 perg.)

655 2003 765 2033 8332.
785 2023 818 2026 —
840 2004 1071 2034 Inventarium
1091 2003 1254 2033 bonorum
1272 2002 1302 2032 b.
1324 2011 1368 2032 m.
1384 2002 1562 2039 Leonardi,
1582 2003 1649 2041 ep.i
1666 2003 1868 2040 Aquinatem.
1886 2002 2068 2041 (Pergam.)

656 2096 764 2126 8333.
786 2115 823 2120 -
846 2098 1005 2128 lustrum.
1031 2097 1206 2135 cujusdam
1231 2096 1376 2134 depositi
1407 2095 1485 2125 facti
1512 2104 1531 2124 a
1557 2095 1741 2126 Guillelmo
1766 2095 1806 2124 de
1833 2103 1860 2124 s.
1885 2095 2002 2130 Paulo,
2032 2095 2208 2125 collectore

612 2154 733 2191 apost..
748 2151 836 2189 apud
847 2152 1011 2180 ,loannem
1029 2150 1168 2185 Parrici,
1184 2149 1331 2187 priorem
1348 2150 1492 2178 monast.
1510 2157 1536 2178 s.
1557 2148 1672 2178 Mariae
1684 2148 1723 2178 de
1742 2148 1852 2178 Monte
1865 2147 2010 2186 Virgini,
2027 2148 2066 2178 de
2082 2147 2206 2186 Capua.

612 2206 714 2243 (OrIg.
734 2211 838 2243 perg.)

655 2255 763 2286 8334,
795 2276 834 2279 -
855 2257 1087 2288 Inventarium
1112 2256 1276 2286 bonorum
1298 2255 1475 2291 Leonardi,
1500 2255 1623 2293 quond.
1649 2254 1716 2293 ep.i
1741 2253 1944 2292 Aquinaten.
1973 2253 2124 2292 (Triplex
2147 2253 2206 2284 fol.

611 2312 728 2347 chart.)

656 2362 765 2392 8335.
786 2383 823 2386 —
840 2364 974 2402 Duplex
994 2363 1257 2392 instrumentum
1272 2362 1447 2392 continens
1466 2361 1582 2391 actain
1597 2369 1700 2391 causa
1718 2361 1867 2390 vertente
1882 2359 1969 2389 inter
1985 2359 2207 2390 Guillelmum

612 2419 650 2448 de
670 2427 696 2447 3.
718 2418 834 2453 Paulo,
854 2417 983 2446 collect.
1003 2417 1110 2454 apost.
1130 2416 1164 2445 in
1181 2423 1281 2454 regno
1308 2415 1431 2445 Siciliae
1452 2414 1535 2444 citra
1559 2413 1718 2449 Pharum,
1737 2413 1887 2442 thesaur.
1907 2413 2148 2448 Beneventan.,
2166 2420 2207 2442 ex

612 2473 705 2510 parte
727 2479 803 2506 una,
826 2471 858 2500 et
877 2469 1084 2507 archiep.um
1110 2477 1146 2498 ac
1171 2468 1270 2506 capit.
1294 2468 1519 2498 Beneventan.
1547 2475 1588 2496 ex
1614 2466 1730 2501 altera,
1754 2474 1855 2504 super
1880 2465 2073 2495 collectoria
2090 2465 2208 2495 harum

612 2524 770 2562 partium.
790 2523 894 2562 (Orig.
914 2531 1004 2561 perg.
1023 2522 1152 2561 grand.)

655 2574 763 2604 8336.
786 2593 821 2597 —-
838 2576 999 2605 Instrum.
1016 2575 1141 2613 triplex
1158 2584 1172 2603 t(
1190 2574 1339 2604 insultus
1365 2583 1379 2602 υ
1404 2573 1482 2603 facti
1500 2572 1683 2603 Guillelmo
1700 2572 1740 2601 de
1760 2580 1787 2601 s.
1807 2571 1912 2602 Paulo
1928 2571 2100 2610 praedicto,
2120 2579 2138 2601 a
2155 2579 2207 2600 ca·-

612 2630 756 2659 merario
775 2629 918 2659 Comitis
944 2627 1108 2663 Lauretti‚
1127 2627 1251 2665 populo
1270 2628 1303 2656 et
1326 2626 1414 2656 clero
1442 2625 1647 2664 Aquinaten.
1677 2625 1719 2655 ad
1741 2624 1931 2655 habendum
1953 2624 2100 2663 spolium
2125 2624 2207 2654 Leo-

613 2682 721 2715 nardi,
738 2682 805 2719 ep.i
822 2681 1026 2720 Aquinaten.
1044 2680 1152 2719 (Orig.
1170 2679 1276 2718 perg.)

657 2732 766 2762 8337.
785 2752 822 2756 ——
840 2733 940 2764 Bulla
956 2733 1079 2763 Bened.
1105 2733 1171 2762 XII
1187 2741 1261 2770 epo
1282 2731 1416 2762 Albien.
1436 2731 1564 2761 directa
1579 2739 1644 2769 qua
1662 2731 1811 2761 reservat
1828 2729 1907 2760 sedi
1925 2730 2043 2768 Apost.
2061 2729 2204 2759 monast.

613 2788 652 2818 de
666 2787 829 2821 Galliaco,
848 2786 886 2817 O.
903 2786 935 2816 S.
955 2787 1006 2823 B..
1022 2785 1155 2815 Albien.
1175 2785 1234 2820 di.,
1250 2793 1321 2814 vac.
1340 2793 1399 2823 per
1415 2783 1496 2815 obit.
1515 2783 1677 2814 Bonifatii
1694 2782 1836 2813 abbatis.
1856 2782 1960 2822 (Orig.
1979 2782 2086 2821 perg.)

657 2837 766 2867 8338.
787 2856 825 2860 -
841 2838 1034 2878 Appellatio
1051 2838 1227 2869 Guillelmi
1251 2838 1292 2867 de
1316 2846 1344 2868 s.
1370 2836 1488 2873 Paulo,
1514 2836 1704 2866 collectoris
1724 2836 1856 2874 Apost.‚
1877 2835 1918 2865 ad
1935 2835 1971 2865 P.
1999 2835 2036 2865 P.
2055 2843 2073 2865 a
2091 2842 2203 2874 grava·

613 2892 763 2924 minibus
785 2892 922 2931 ipsimet
948 2891 1054 2921 illatis
1076 2899 1135 2930 per
1151 2890 1365 2929 Arnulphum
1379 2889 1580 2926 Marcellini,
1599 2889 1839 2919 vicerectorem
1855 2889 2097 2926 Beneventani„
2115 2895 2206 2918 occa·

613 2947 706 2976 sione
723 2945 923 2976 redditionis
938 2945 1120 2975 rationum.
1137 2943 1262 2983 (Perg.)
