2376 3334
277 249 435 279 BENED.
461 249 525 278 XII
543 267 578 270 —-
603 249 815 281 INDI'LTA.
840 251 1217 281 ΒΙΞΡΕΝΞᾹἸἸΟΝΕΒΥ
1243 252 1297 281 ΕΤ
1321 252 1593 283 PRIYILEGIA.
1620 271 1655 274 —
1676 255 1784 284 ANNI
1808 256 1854 285 VI
1876 257 1997 295 (1340)
2091 260 2145 288 281

158 337 259 363 Datum
279 333 462 363 Arenimm.

256 542 295 568 22
307 545 360 568 oct.

203 588 244 620 (xi
262 587 318 613 kal.
336 588 413 615 nov.)

257 701 297 727 23
311 704 364 727 oct.

211 749 240 774 (x
258 745 313 771 lml.
333 749 408 771 nov.)

271 791 300 816 T.
317 791 347 816 X.

176 862 195 887 2
215 862 256 894 (ιν
280 861 359 891 non.)
378 869 439 887 nov.

264 906 293 932 T.
320 906 351 932 X.

197 1021 226 1047 Ut
250 1030 270 1047 s.
288 1036 322 1041 -—
338 1021 366 1046 T.
390 1021 420 1047 X.

187 1180 222 1206 10
240 1180 280 1213 (iv
298 1178 348 1211 id.)
366 1187 428 1206 nov.

254 1223 283 1249 T.
306 1223 363 1249 xil.

209 1392 244 1418 13
266 1392 327 1425 (id.)
342 1400 405 1418 nov.

230 1437 260 1462 T.
280 1437 311 1463 X.
329 1436 386 1462 XII.

195 1649 227 1683 [ἰ
248 1667 268 1682 s.
293 1672 325 1675 -
345 1657 374 1682 T.
397 1657 427 1682 x.

217 1817 229 1841 ·Ι
249 1815 330 1845 (kal.)
349 1815 406 1842 [lec.

255 2134 291 2159 21
310 2133 367 2159 dec.

198 2181 252 2209 (xii
274 2177 332 2205 kal.
348 2178 424 2212 jan.)

250 2223 280 2248 T.
298 2223 377 2250 XXX.

555 435 817 464 contradictores
848 444 906 473 per
938 444 1113 465 censuram
1148 437 1373 475 appellatione
1409 440 1594 477 postposita
1629 449 1841 479 compescere
1869 444 1987 481 possit.
2019 445 2070 481 (A.
2097 447 2146 479 54,

556 489 577 517 1'.
593 489 666 521 316;
691 487 720 517 V.
748 489 816 521 128,
837 496 867 516 n.
886 490 970 521 364.)

599 537 708 567 8136.
734 559 768 561 -
790 540 880 569 Petro
900 540 936 569 cle
959 541 1075 575 Pralz's,
1092 542 1210 571 archid.
1238 542 1271 571 (ἰν
1295 543 1417 582 [fiperia
1439 545 1467 572 i»
1493 545 1563 573 eccl.
1587 546 1807 586 Conuenarum,
1827 549 1939 586 nepoti
1957 549 2061 583 Petri,
2081 550 2148 588 elui

554 593 765 625 Praenestini,
785 594 918 622 conced.
938 594 979 623 ad
996 603 1119 624 annum
1142 597 1177 624 ut
1196 596 1303 633 possit
1321 597 1437 627 audire
1459 599 1490 627 et
1512 598 1622 636 legere
1638 599 1715 637 jura
1731 600 1845 630 civilia
1862 601 1897 630 in
1913 602 2025 631 studio
2050 611 2148 641 gene-

556 645 630 675 rali.
650 654 715 674 non
734 645 819 675 obst.
838 647 925 684 qnod
946 647 1070 677 dictum
1089 648 1265 677 archidiac.
1287 648 1446 679 obtinent.
1464 650 1575 687 (154,
1596 651 1616 681 l'.
1640 654 1676 682 14
1691 657 1723 680 v⁰
1737 653 1853 690 (1·nh.);
1879 653 1908 684 V.
1928 656 1995 690 128,
2015 664 2046 685 n.
2064 657 2147 692 345.)

598 696 708 725 3137.
729 717 764 720 ——
784 699 906 734 loanni,
925 699 1080 738 arcleiepo
1100 699 1211 739 Tyren.
1237 705 1263 729 e!
1289 701 1438 730 „lo-horon.
1466 703 1538 731 eccl.
1565 704 1605 732 ad
1624 704 1750 733 invicem
1770 705 1935 742 unitarum,
1956 707 2148 746 assignatur

554 751 712 789 palleum.
735 753 785 788 (A.
805 753 854 786 54,
876 752 897 781 Γ.
918 754 974 783 136
991 757 1040 788 v⁰;
1063 752 1093 782 V.
1117 754 1185 789 128,
1207 763 1237 782 n.
1257 754 1339 791 127.)

598 854 708 885 8138.
729 876 764 879 -
783 857 908 894 loanni,
930 868 1000 898 elmi
1019 858 1257 894 cathalaunen„
1274 861 1501 891 conceduntur
1516 862 1761 893 testimoniales
1776 866 1960 894 consecrat.
1976 874 2035 903 per
2050 866 2149 895 Joan-

555 919 629 940 nem
648 919 759 949 epum
780 911 937 941 Portnen.
964 912 1029 950 ipsi
1059 912 1232 950 impensae,
1252 922 1326 942 cum
1346 913 1483 943 licentia
1499 915 1674 944 recedendi
1694 916 1733 945 (le
1753 916 1864 946 Curia.
1890 917 1942 956 (A.
1961 919 2011 952 54,
2034 918 2053 948 f.
2073 919 2146 953 137;

560 963 594 992 V.
619 964 686 999 128,
705 972 735 993 n.
756 964 838 1000 129.)

599 1013 707 1044 8139.
733 1034 770 1037 —
794 1016 935 1053 oliverio,
957 1027 1022 1056 ep.o
1045 1017 1229 1050 Narineten..
1255 1019 1352 1049 datur
1377 1020 1513 1050 licentia
1540 1029 1557 1049 a
1575 1021 1668 1050 curia
1687 1022 1881 1056 recedendi3
1906 1031 1982 1052 cum
1998 1023 2146 1053 testimo-

556 1069 702 1099 nialibus
720 1072 904 1100 consecrat.
923 1071 987 1108 ipsi
1002 1079 1061 1108 per
1074 1072 1237 1101 Joannem
1255 1081 1368 1110 ep.um
1387 1073 1545 1103 Portuen.
1562 1073 1733 1111 impensae.
1753 1075 1805 1113 (A.
1822 1076 1872 1110 91,
1889 1075 1912 1104 Γ.
1929 1076 2003 1110 6103
2027 1075 2058 1106 V.
2081 1077 2148 1113 128,

555 1132 587 1152 n.
608 1124 691 1160 373.)

600 1173 709 1203 8140.
731 1194 765 1197 —
785 1176 998 1215 Indulgentia
1013 1188 1028 1206 c
1046 1177 1178 1207 dierum
1193 1178 1412 1208 visitantibus
1429 1179 1591 1217 capellam
1610 1180 1643 1209 in
1660 1180 1822 1210 honorem
1839 1189 1865 1212 s.
1885 1181 2056 1212 Benedicti
2073 1182 2148 1212 alib.

556 1229 588 1258 in
614 1229 730 1267 maJ'ori
751 1229 829 1259 eccl.
849 1230 975 1259 Lucan.
994 1230 1186 1269 sumptibus
1202 1232 1393 1261 communis
1414 1234 1445 1262 et
1461 1232 1577 1271 populi
1593 1233 1716 1263 Lucan.
1734 1235 1871 1272 propter
1886 1234 2150 1265 inobedientiam

555 1291 671 1312 eorum
695 1283 953 1313 construendam
972 1286 1003 1313 et
1026 1284 1219 1320 dotandam,
1249 1285 1282 1314 in
1315 1284 1400 1315 festo
1421 1285 1571 1324 ejusdem
1598 1295 1624 1315 5.
1656 1287 1841 1317 Benedicti.
1866 1287 1916 1326 (A.
1944 1289 1993 1324 54,
2022 1288 2043 1318 f.
2073 1290 2149 1324 1533

563 1335 594 1364 V.
615 1337 682 1369 128,
700 1344 732 1365 n.
749 1336 831 1372 153.)

600 1385 710 1417 8141.
731 1407 768 1410 —
785 1388 954 1418 Almeratz'o
972 1389 1007 1418 de
1033 1390 1234 1430 Cabrespino,
1261 1400 1328 1420 can.
1347 1390 1494 1425 Heraion„
1514 1392 1555 1421 ad
1578 1393 1782 1431 Aragoniam
1801 1394 1832 1423 et
1852 1396 1966 1432 partes
1987 1394 2071 1424 alias
2092 1403 2151 1433 per

556 1442 731 1471 Cameram
758 1444 864 1480 apost.
895 1443 1074 1479 destinato,
1107 1443 1234 1483 indulg.
1265 1446 1301 1474 ut
1324 1445 1486 1483 quamdiu
1512 1444 1545 1474 in
1572 1446 1805 1483 prosecutione
1825 1447 2035 1485 negotiorum
2055 1447 2151 1478 dictae

556 1496 703 1525 Camerae
729 1496 865 1525 insistet
891 1496 1021 1526 fructus
1049 1496 1288 1527 beneficiorum
1314 1506 1452 1527 suorum
1479 1497 1513 1527 in
1540 1497 1692 1528 absentia
1715 1499 1886 1537 percipere
1912 1500 2032 1530 valeat.
2056 1519 2093 1522 —
2115 1502 2152 1530 In

556 1557 584 1577 e.
605 1557 648 1578 m.
666 1557 767 1586 przep.
787 1549 1008 1587 Forojulien„
1025 1551 1057 1579 et
1071 1550 1226 1580 Michaeli
1241 1550 1455 1586 Ricomanni,
1471 1551 1654 1585 Valentin„
1672 1560 1708 1581 ac
1726 1552 1824 1582 Petro
1841 1553 1995 1589 Comitis,
2015 1553 2152 1583 Barchi-

556 1610 676 1631 nonen.
694 1602 874 1632 canonicis.
894 1602 946 1639 (A.
964 1603 1014 1638 54,
1033 1602 1053 1632 Γ.
1081 1605 1136 1633 136
1159 1608 1206 1638 v03
1231 1603 1263 1634 V.
1282 1605 1351 1640 128,
1365 1612 1396 1633 n.
1417 1605 1488 1639 1283
1509 1606 1576 1640 135,
1592 1604 1615 1634 Γ.
1633 1606 1700 1640 123,
1721 1613 1751 1634 n.
1770 1606 1853 1641 320.)

600 1651 710 1682 8142.
731 1673 768 1676 —
787 1654 930 1691 RobertO,
951 1665 1018 1694 epo
1042 1655 1219 1689 Ebroicen„
1245 1656 1364 1686 dantur
1388 1657 1637 1687 testimoniales
1655 1667 1803 1688 consecr.
1826 1659 1892 1697 ipsi
1912 1668 1972 1697 per
1991 1659 2152 1690 Annibal-

557 1708 647 1741 dum,
668 1716 780 1746 ep.um
801 1708 994 1741 Tusculan.‚
1014 1709 1186 1746 impensae,
1205 1718 1279 1738 cum
1299 1709 1436 1739 licentia
1455 1711 1631 1740 recedendi
1650 1711 1689 1741 de
1711 1711 1823 1741 Curia.
1842 1712 1892 1749 (A.
1917 1714 1967 1748 54,
1987 1712 2009 1742 Γ.
2031 1714 2083 1743 131
2105 1718 2149 1747 v⁰;

564 1760 594 1790 V.
616 1761 683 1795 128,
702 1770 733 1790 n.
757 1762 813 1791 120
830 1761 898 1793 bis.)

604 1815 612 1823 ”
634 1811 744 1841 8143.
764 1832 797 1835 -
818 1813 940 1849 Carolo,
960 1814 1126 1843 marchioni
1142 1815 1296 1847 Moraviffl,
1320 1815 1539 1855 Joannisreqis
1558 1817 1709 1846 Belzemz'ae
1726 1818 1941 1857 pi'iitzoqerzitc),
1959 1819 2152 1849 conceditur

558 1870 594 1896 ut
611 1867 739 1905 capella
758 1867 850 1905 regia
866 1867 932 1897 sita
950 1867 982 1896 in
1001 1868 1111 1897 castro
1132 1868 1286 1906 Pragen.‚
1312 1867 1352 1898 ab
1371 1868 1445 1906 ipso
1467 1869 1499 1898 in
1519 1869 1731 1908 collegiatam
1751 1871 1917 1909 erIgatur3
1935 1872 2151 1902 confirmatur

558 1920 665 1958 ejusd.
685 1920 821 1956 erectio,
840 1921 872 1950 et
889 1920 1085 1950 inseruntur
1102 1920 1328 1951 instrumenta
1345 1921 1405 1951 hac
1423 1922 1462 1951 de
1486 1931 1520 1952 re
1537 1923 1699 1958 confecta,
1719 1923 1753 1953 in
1771 1923 1894 1962 quibus
1911 1926 2153 1954 enumerantur

558 1973 710 2003 redditus
728 1973 824 2003 dicta»
839 1973 976 2011 capellae
991 1972 1031 2003 ab
1045 1973 1119 2012 ipso
1135 1974 1325 2004 marchione
1341 1975 1517 2013 assignati,
1535 1979 1566 2005 et
1578 1984 1636 2014 per
1649 1977 1826 2011 Joannem,
1840 1977 2010 2007 Bohemiae
2027 1986 2151 2016 regem,

559 2035 595 2055 ac
615 2025 881 2063 Lucemburgen.
912 2027 1081 2060 comitem,
1106 2027 1215 2065 ipsius
1240 2029 1382 2065 patrem,
1408 2028 1448 2057 ad
1469 2029 1632 2058 cautelam
1656 2029 1842 2067 approbati.
1869 2030 1921 2068 (A.
1946 2032 1995 2063 91,
2026 2031 2048 2060 Γ.
2074 2032 2150 2066 613;

558 2080 596 2109 A.
613 2081 663 2114 54,
682 2079 703 2108 f.
721 2080 795 2113 3303
818 2079 852 2108 V.
873 2080 939 2115 128,
956 2088 987 2109 n.
1009 2081 1082 2114 3863
1100 2080 1246 2114 Riezler,
1266 2089 1296 2110 n.
1315 2081 1419 2117 2088.)

603 2129 712 2160 8144.
732 2151 768 2154 -—
788 2132 948 2167 Eduardo,
971 2133 1037 2171 reyz'
1064 2132 1195 2171 Anqliae,
1218 2133 1345 2172 indulg.
1366 2136 1402 2164 ut
1421 2134 1568 2164 decanus
1591 2144 1650 2165 sen
1669 2136 1867 2174 principalis
1890 2137 2085 2175 capellanus
2103 2146 2152 2167 ca-

558 2185 654 2224 pellae
672 2194 740 2215 suae
758 2186 857 2224 regiae
874 2186 982 2224 possit
1004 2186 1120 2215 audire
1137 2185 1370 2216 consessiones
1394 2195 1616 2225 personarum
1642 2188 1676 2217 in
1693 2188 1764 2227 ejus
1783 2189 1875 2227 regia
1892 2189 1990 2219 domo
2008 2199 2152 2220 commo-

558 2239 704 2268 rantium
725 2248 797 2277 quse
825 2238 865 2268 ob
883 2239 1079 2268 distantiam
1105 2239 1315 2277 parochiales
1332 2241 1409 2270 eccl.
1435 2249 1514 2270 suas
1534 2241 1625 2271 adire
1643 2243 1825 2280 nequeunt,
1850 2243 2053 2281 easdemque
2079 2252 2153 2282 per-

559 2301 659 2322 sonas
690 2291 864 2321 absolvere
896 2292 928 2321 in
952 2291 1109 2321 omnibus
1136 2292 1271 2322 casibus
1299 2294 1521 2332 praeterquam
1553 2294 1629 2324 Sed.
1661 2295 1779 2332 Apost.
1806 2296 2000 2326 reservatis.
2021 2296 2073 2333 (A.
2101 2297 2150 2332 54,

560 2345 580 2375 Γ.
601 2346 675 2381 186;
699 2344 728 2373 V.
751 2346 817 2380 128,
839 2353 869 2374 n.
890 2346 961 2380 1913
979 2345 1081 2379 Bliss,
1100 2345 1141 2381 II,
1159 2354 1190 2383 p.
1209 2346 1294 2383 548.)

281 2960 409 2987 Risum).
431 2959 499 2986 XII.
519 2975 551 2978 —
569 2960 599 2985 T.
621 2960 654 2987 II.
1978 2964 2012 2991 36
